
@article{steelDynamicalQuantumNoise1998,
  title = {Dynamical Quantum Noise in Trapped {{Bose-Einstein}} Condensates},
  author = {Steel, M. J. and Olsen, M. K. and Plimak, L. I. and Drummond, P. D. and Tan, S. M. and Collett, M. J. and Walls, D. F. and Graham, R.},
  year = {1998},
  month = dec,
  journal = {Phys. Rev. A},
  volume = {58},
  number = {6},
  pages = {4824},
  publisher = {{American Physical Society}},
  doi = {10.1103/PhysRevA.58.4824}
}

@article{Tan2010,
   author = {S. Tan and M. Pustilnik and L. I. Glazman},
   doi = {10.1103/PhysRevLett.105.090404},
   issn = {0031-9007},
   issue = {9},
   journal = {Phys. Rev. Lett.},
   month = {8},
   pages = {090404},
   title = {Relaxation of a High-Energy Quasiparticle in a One-Dimensional {Bose} Gas},
   volume = {105},
   url = {https://link.aps.org/doi/10.1103/PhysRevLett.105.090404},
   year = {2010},
}
@article{Ristivojevic2016,
   author = {Z. Ristivojevic and K. A. Matveev},
   doi = {10.1103/PhysRevB.94.024506},
   issn = {2469-9950},
   issue = {2},
   journal = {Phys. Rev. B},
   month = {7},
   pages = {024506},
   title = {Decay of {Bogoliubov} excitations in one-dimensional {Bose} gases},
   volume = {94},
   url = {https://link.aps.org/doi/10.1103/PhysRevB.94.024506},
   year = {2016},
}

@article{Rigol2007,
   author = {M. Rigol and V. Dunjko and V. Yurovsky and M. Olshanii},
   doi = {10.1103/PhysRevLett.98.050405},
   issn = {0031-9007},
   issue = {5},
   journal = {Phys. Rev. Lett.},
   month = {2},
   pages = {050405},
   title = {Relaxation in a Completely Integrable Many-Body Quantum System: An {\it Ab Initio} Study of the Dynamics of the Highly Excited States of {1D} Lattice Hard-Core Bosons},
   volume = {98},
   url = {https://link.aps.org/doi/10.1103/PhysRevLett.98.050405},
   year = {2007},
}

@article{Jaskula2012,
   author = {J. C. Jaskula and G. B. Partridge and M. Bonneau and R. Lopes and J. Ruaudel and D. Boiron and C. I. Westbrook},
   doi = {10.1103/PhysRevLett.109.220401},
   issn = {00319007},
   issue = {22},
   journal = {Phys. Rev. Lett.},
   pages = {220401},
   title = {Acoustic analog to the dynamical {Casimir} effect in a {Bose-Einstein} condensate},
   volume = {109},
   year = {2012},
}

@article{Kinoshita2006,
   author = {T. Kinoshita and T. Wenger and D. S. Weiss},
   doi = {10.1038/nature04693},
   issn = {14764687},
   issue = {7086},
   journal = {Nature},
   month = {4},
   publisher = {Nature Publishing Group},
   title = {A quantum {Newton's} cradle},
   volume = {440},
   year = {2006},
   pages = {900}
}

@article{deNova2019,
   author = {J. R. M. {de Nova} and K. Golubkov and V. I. Kolobov and J. Steinhauer},
   doi = {10.1038/s41586-019-1241-0},
   issn = {0028-0836},
   issue = {7758},
   journal = {Nature},
   month = {5},
   title = {Observation of thermal {Hawking} radiation and its temperature in an analogue black hole},
   volume = {569},
   pages = {688},
   year = {2019},
}

@article{LivingReview,
   author = {C. Barceló and S. Liberati and M. Visser},
   doi = {10.12942/lrr-2011-3},
   issn = {2367-3613},
   issue = {1},
   journal = {Living Rev. Relativity},
   month = {12},
   pages = {3},
   title = {Analogue Gravity},
   volume = {14},
   url = {http://link.springer.com/10.12942/lrr-2011-3},
   year = {2011},
}

@article{Garay2000,
   author = {L. J. Garay and J. R. Anglin and J. I. Cirac and P. Zoller},
   doi = {10.1103/PhysRevLett.85.4643},
   issn = {0031-9007},
   issue = {22},
   journal = {Phys. Rev. Lett.},
   month = {11},
   pages = {4643},
   title = {Sonic Analog of Gravitational Black Holes in {Bose-Einstein} Condensates},
   volume = {85},
   year = {2000},
}

@article{Sinatra2002,
	doi = {10.1088/0953-4075/35/17/301},
	url = {https://doi.org/10.1088%2F0953-4075%2F35%2F17%2F301},
	year = 2002,
	month = {aug},
	publisher = {{IOP} Publishing},
	volume = {35},
	number = {17},
	pages = {3599},
	author = {A. Sinatra and C. Lobo and Y. Castin},
	title = {The truncated {Wigner} method for {Bose}-condensed gases: Limits of validity and applications},
	journal = {J. Phys. B}
}

@article{Carusotto2005,
	doi = {10.1103/physrevb.72.125335},
	url = {https://doi.org/10.1103%2Fphysrevb.72.125335},
	year = 2005,
	month = {sep},
	publisher = {American Physical Society ({APS})},
	volume = {72},
	number = {12},
	pages = {125335},
	author = {I. Carusotto and C. Ciuti},
	title = {Spontaneous microcavity-polariton coherence across the parametric threshold: {Quantum Monte Carlo} studies},
	journal = {Phys. Rev. B}
}


@incollection{Ruostekoski2013,
  doi = {10.1142/9781848168121_0013},
  url = {https://doi.org/10.1142/9781848168121_0013},
  year = {2013},
  month = mar,
  publisher = {Imperial College Press},
  pages = {203--214},
  author = {Janne Ruostekoski and Andrew D. Martin},
  title = {The Truncated {Wigner} Method for {Bose} Gases},
  booktitle = {Quantum Gases}
}



@article{Ruostekoski2010,
  title = {Quantum and Thermal Effects of Dark Solitons in a One-Dimensional {Bose} Gas},
  author = {Martin, A. D. and Ruostekoski, J.},
  journal = {Phys. Rev. Lett.},
  volume = {104},
  issue = {19},
  pages = {194102},
  numpages = {4},
  year = {2010},
  month = {May},
  publisher = {American Physical Society},
  doi = {10.1103/PhysRevLett.104.194102},
  url = {https://link.aps.org/doi/10.1103/PhysRevLett.104.194102}
}

@article{Huber2021,
	title={Phase-Space Methods for Simulating the Dissipative Many-Body Dynamics of  Collective Spin Systems},
	author={J. Huber and P. Kirton and P. Rabl},
	journal={SciPost Phys.},
	volume={10},
	issue={2},
	pages={45},
	year={2021},
	publisher={SciPost},
	doi={10.21468/SciPostPhys.10.2.045},
	url={https://scipost.org/10.21468/SciPostPhys.10.2.045},
}

@book{Pitaevskii2016,
  doi = {10.1093/acprof:oso/9780198758884.001.0001},
  url = {https://doi.org/10.1093/acprof:oso/9780198758884.001.0001},
  year = {2016},
  month = jan,
  publisher = {Oxford University Press},
  author = {L. Pitaevskii and S. Stringari},
  title = {Bose-Einstein Condensation and Superfluidity}
}


@book{CohenTannoudji2020,
  doi = {10.1051/978-2-7598-2285-0},
  url = {https://doi.org/10.1051/978-2-7598-2285-0},
  year = {2020},
  month = nov,
  publisher = {{EDP} Sciences},
  author = {Claude Cohen-Tannoudji and Bernard Diu and Franck Laloë},
  title = {M{\'{e}}canique Quantique - Tome 2}
}

@article{Peres1980,
title = {Nonexponential decay law},
journal = {Ann. Phys. (N.Y.)},
volume = {129},
number = {1},
pages = {33},
year = {1980},
issn = {0003-4916},
doi = {https://doi.org/10.1016/0003-4916(80)90288-2},
url = {https://www.sciencedirect.com/science/article/pii/0003491680902882},
author = {A. Peres},
}


@article{Busch-2014,
  title = {Quantum entanglement due to a modulated dynamical {Casimir} effect},
  author = {Busch, X. and Parentani, R. and Robertson, S.},
  journal = {Phys. Rev. A},
  volume = {89},
  issue = {6},
  pages = {063606},
  numpages = {10},
  year = {2014},
  month = {Jun},
  publisher = {American Physical Society},
  doi = {10.1103/PhysRevA.89.063606},
  url = {https://link.aps.org/doi/10.1103/PhysRevA.89.063606}
}

@article{Van_Regemortel_2017,
	doi = {10.1103/physreva.96.053854},
	url = {https://doi.org/10.1103%2Fphysreva.96.053854},
	year = 2017,
	month = {nov},
	publisher = {American Physical Society ({APS})},
	volume = {96},
	number = {5},
	pages = {053854},
	author = {M. {Van Regemortel} and W. Casteels and I. Carusotto and M. Wouters},
	title = {Spontaneous {Beliaev-Landau} scattering out of equilibrium},
	journal = {Phys. Rev. A}
}


@article{Ristivojevic_2014,
	doi = {10.1103/physrevb.89.180507},
	url = {https://doi.org/10.1103%2Fphysrevb.89.180507},
	year = 2014,
	month = {may},
	publisher = {American Physical Society ({APS})},
	volume = {89},
	number = {18},
	pages = {180507},
	author = {Z. Ristivojevic and K. A. Matveev},
	title = {Decay of {Bogoliubov} quasiparticles in a nonideal one-dimensional {Bose} gas},
	journal = {Phys. Rev. B}
}

@article{Lieb1963,
  title = {Exact Analysis of an Interacting {Bose} Gas. {I.} {The} General Solution and the Ground State},
  author = {Lieb, E. H. and Liniger, W.},
  journal = {Phys. Rev.},
  volume = {130},
  issue = {4},
  pages = {1605},
  numpages = {0},
  year = {1963},
  month = {May},
  publisher = {American Physical Society},
  doi = {10.1103/PhysRev.130.1605},
  url = {https://link.aps.org/doi/10.1103/PhysRev.130.1605}
}

@article{Petrov2004,
  doi = {10.1051/jp4:2004116001},
  url = {https://doi.org/10.1051/jp4:2004116001},
  year = {2004},
  month = oct,
  publisher = {{EDP} Sciences},
  volume = {116},
  pages = {5},
  author = {D. S. Petrov and D. M. Gangardt and G. V. Shlyapnikov},
  title = {Low-dimensional trapped gases},
  journal = {J. Phys. {IV} France}
}


@article{Hohenberg1967,
  title = {Existence of Long-Range Order in One and Two Dimensions},
  author = {Hohenberg, P. C.},
  journal = {Phys. Rev.},
  volume = {158},
  issue = {2},
  pages = {383},
  numpages = {0},
  year = {1967},
  month = {Jun},
  publisher = {American Physical Society},
  doi = {10.1103/PhysRev.158.383},
  url = {https://link.aps.org/doi/10.1103/PhysRev.158.383}
}

@article{Mora_2003,
	doi = {10.1103/physreva.67.053615},
	url = {https://doi.org/10.1103%2Fphysreva.67.053615},
	year = 2003,
	month = {may},
	publisher = {American Physical Society ({APS})},
	volume = {67},
	number = {5},
	pages = {053615},
	author = {C. Mora and Y. Castin},
	title = {Extension of {Bogoliubov} theory to quasicondensates},
	journal = {Phys. Rev. A}
}

@article{Robertson_2018,
	year = 2018,
	month = {sep},
	publisher = {American Physical Society ({APS})},
	volume = {98},
	number = {5},
	pages = {056003},
	author = {S. Robertson and F. Michel and R. Parentani},
	title = {Nonlinearities induced by parametric resonance in effectively {1D} atomic {Bose} condensates},
	journal = {Phys. Rev. D},
	doi = {10.1103/physrevd.98.056003},
	url = {https://doi.org/10.1103%2Fphysrevd.98.056003}
}



@article{Pylak-Zin-2018,
  title = {Influence of the interaction between quasiparticles on parametric resonance in {Bose-Einstein} quasicondensates},
  author = {Pylak, M. and Zin, P.},
  journal = {Phys. Rev. A},
  volume = {98},
  issue = {4},
  pages = {043603},
  numpages = {11},
  year = {2018},
  month = {Oct},
  publisher = {American Physical Society},
  doi = {10.1103/PhysRevA.98.043603},
  url = {https://link.aps.org/doi/10.1103/PhysRevA.98.043603}
}


@article{Maris-1977,
  title = {Phonon-phonon interactions in liquid helium},
  author = {Maris, H. J.},
  journal = {Rev. Mod. Phys.},
  volume = {49},
  issue = {2},
  pages = {341},
  numpages = {0},
  year = {1977},
  month = {Apr},
  publisher = {American Physical Society},
  doi = {10.1103/RevModPhys.49.341},
  url = {https://link.aps.org/doi/10.1103/RevModPhys.49.341}
}

@article{Tsuchiya-Griffin-2004,
  title = {Damping of {Bogoliubov} excitations in optical lattices},
  author = {Tsuchiya, S. and Griffin, A.},
  journal = {Phys. Rev. A},
  volume = {70},
  issue = {2},
  pages = {023611},
  numpages = {4},
  year = {2004},
  month = {Aug},
  publisher = {American Physical Society},
  doi = {10.1103/PhysRevA.70.023611},
  url = {https://link.aps.org/doi/10.1103/PhysRevA.70.023611}
}

@article{Rowen-et-al-2008,
  title = {Energy-dependent damping of excitations over an elongated {Bose-Einstein} condensate},
  author = {Rowen, E. E. and Bar-Gill, N. and Pugatch, R. and Davidson, N.},
  journal = {Phys. Rev. A},
  volume = {77},
  issue = {3},
  pages = {033602},
  numpages = {5},
  year = {2008},
  month = {Mar},
  publisher = {American Physical Society},
  doi = {10.1103/PhysRevA.77.033602},
  url = {https://link.aps.org/doi/10.1103/PhysRevA.77.033602}
}


@article{Natu-DasSarma-2013,
  title = {Absence of damping of low-energy excitations in a quasi-two-dimensional dipolar {Bose} gas},
  author = {Natu, S. S. and {Das Sarma}, S.},
  journal = {Phys. Rev. A},
  volume = {88},
  issue = {3},
  pages = {031604},
  numpages = {5},
  year = {2013},
  month = {Sep},
  publisher = {American Physical Society},
  doi = {10.1103/PhysRevA.88.031604},
  url = {https://link.aps.org/doi/10.1103/PhysRevA.88.031604}
}

@article{Kurkjian-Ristivojevic-2020,
  title = {Damping of elementary excitations in one-dimensional dipolar {Bose} gases},
  author = {Kurkjian, H. and Ristivojevic, Z.},
  journal = {Phys. Rev. Research},
  volume = {2},
  issue = {3},
  pages = {033337},
  numpages = {7},
  year = {2020},
  month = {Aug},
  publisher = {American Physical Society},
  doi = {10.1103/PhysRevResearch.2.033337},
  url = {https://link.aps.org/doi/10.1103/PhysRevResearch.2.033337}
}


@article{imambekov_one-dimensional_2012,
	title = {One-dimensional quantum liquids: Beyond the {Luttinger} liquid paradigm},
	volume = {84},
	issn = {0034-6861, 1539-0756},
	shorttitle = {One-{Dimensional} {Quantum} {Liquids}},
	url = {http://arxiv.org/abs/1110.1374},
	doi = {10.1103/RevModPhys.84.1253},
	number = {3},
	urldate = {2022-04-29},
	journal = {Rev. Mod. Phys.},
	author = {Imambekov, A. and Schmidt, T. L. and Glazman, L. I.},
	month = sep,
	year = {2012},
	keywords = {Condensed Matter - Statistical Mechanics, Condensed Matter - Strongly Correlated Electrons},
	pages = {1253},
}

@article{samokhin_lifetime_1998,
	title = {Lifetime of excitations in a clean {Luttinger} liquid},
	volume = {10},
	issn = {0953-8984, 1361-648X},
	url = {https://iopscience.iop.org/article/10.1088/0953-8984/10/31/002},
	doi = {10.1088/0953-8984/10/31/002},
	number = {31},
	urldate = {2022-04-29},
	journal = {J. Phys. Condens. Matter},
	author = {Samokhin, K. V.},
	month = aug,
	year = {1998},
	pages = {L533},
}

@article{andreev_hydrodynamics_1980,
	title = {The hydrodynamics of two- and one-dimensional fluids},
	volume = {78},
	pages = {2064},
	url = {http://jetp.ras.ru/cgi-bin/dn/e_051_05_1038.pdf},
	journal = {Zh. Eksp. Teor. Fiz.},
	author = {Andreev, A. F.},
	year = {1980},
	note = {[Sov. Phys. JETP {\bf 51}, 1038 (1980)]}
}

@article{mazets_integer_2018,
	title = {Integer partition manifolds and phonon damping in one dimension},
	url = {http://arxiv.org/abs/1804.01374},
	urldate = {2022-04-27},
	journal = {arXiv:1804.01374 [cond-mat, physics:math-ph, physics:quant-ph]},
	author = {Mazets, I. E. and Mauser, N. J.},
	month = apr,
	year = {2018},
	keywords = {Condensed Matter - Quantum Gases, Mathematical Physics, Quantum Physics},
}

@article{pastukhov_damping_2015,
	title = {Damping of {Bogoliubov} excitations at finite temperatures},
	volume = {48},
	issn = {1751-8121},
	url = {https://doi.org/10.1088/1751-8113/48/40/405002},
	doi = {10.1088/1751-8113/48/40/405002},
	number = {40},
	urldate = {2022-04-25},
	journal = {J. Phys. A},
	author = {Pastukhov, V.},
	month = sep,
	year = {2015},
	pages = {405002},
}

@article{Ristivojevic2014_ExcitationSpectrum,
  title = {Excitation Spectrum of the {Lieb-Liniger} Model},
  author = {Ristivojevic, Z.},
  journal = {Phys. Rev. Lett.},
  volume = {113},
  issue = {1},
  pages = {015301},
  numpages = {6},
  year = {2014},
  month = {Jul},
  publisher = {American Physical Society},
  doi = {10.1103/PhysRevLett.113.015301},
  url = {https://link.aps.org/doi/10.1103/PhysRevLett.113.015301}
}


@book{AgrawalBook,
  title = {Nonlinear Fiber Optics},
  doi={10.1007/3-540-46629-0_9},
  author = {G. P. Agrawal},
  publisher = {Academic Press},
  year = {2007}
}


@article{Fedichev_1998,
	doi = {10.1103/physrevlett.80.2269},
	url = {https://doi.org/10.1103%2Fphysrevlett.80.2269},
	year = 1998,
	month = {mar},
	publisher = {American Physical Society ({APS})},
	volume = {80},
	number = {11},
	pages = {2269},
	author = {P. O. Fedichev and G. V. Shlyapnikov and J. T. M. Walraven},
	title = {Damping of Low-Energy Excitations of a Trapped {Bose-Einstein} Condensate at Finite Temperatures},
	journal = {Phys. Rev. Lett.}
}


@article{Pitaevskii_1997,
	doi = {10.1016/s0375-9601(97)00666-x},
	url = {https://doi.org/10.1016%2Fs0375-9601%2897%2900666-x},
	year = 1997,
	month = {nov},
	publisher = {Elsevier {BV}},
	volume = {235},
	number = {4},
	pages = {398},
	author = {L.P. Pitaevskii and S. Stringari},
	title = {Landau damping in dilute {Bose} gases},
	journal = {Phys. Lett. A}
}


@article{Penrose-Onsager-1956,
  title = {{Bose-Einstein} Condensation and Liquid Helium},
  author = {Penrose, Oliver and Onsager, Lars},
  journal = {Phys. Rev.},
  volume = {104},
  issue = {3},
  pages = {576--584},
  numpages = {0},
  year = {1956},
  month = {Nov},
  publisher = {American Physical Society},
  doi = {10.1103/PhysRev.104.576},
  url = {https://link.aps.org/doi/10.1103/PhysRev.104.576}
}


@book{curtrightConciseTreatiseQuantum2014,
  title = {A Concise Treatise on Quantum Mechanics in Phase Space},
  author = {Curtright, Thomas and Fairlie, David and Zachos, Cosmas},
  year = {2014},
  publisher = {{World Scientific}},
  address = {{New Jersey}},
  abstract = {"This is a text on quantum mechanics formulated simultaneously in terms of position and momentum, i.e. in phase space. It is written at an introductory level, drawing on the remarkable history of the subject for inspiration and motivation. Wigner functions, density matrices in a special Weyl representation, and star products are the cornerstones of the formalism"--},
  isbn = {978-981-4520-43-0},
  lccn = {QC174.12 .C87 2014},
  keywords = {Phase space (Statistical physics),Quantum theory,Textbooks}
}


@misc{silkePrimaryThermalisation2022,
  doi = {10.48550/ARXIV.2207.02199},
  url = {https://arxiv.org/abs/2207.02199},
  author = {Barroso,  Vitor S. and Geelmuyden,  August and Fifer,  Zack and Erne,  Sebastian and Avgoustidis,  Anastasios and Hill,  Richard J. A. and Weinfurtner,  Silke},
  keywords = {General Relativity and Quantum Cosmology (gr-qc),  Cosmology and Nongalactic Astrophysics (astro-ph.CO),  Fluid Dynamics (physics.flu-dyn),  FOS: Physical sciences,  FOS: Physical sciences},
  title = {Primary thermalisation mechanism of Early Universe observed from Faraday-wave scattering on liquid-liquid interfaces},
  publisher = {arXiv},
  year = {2022},
  copyright = {Creative Commons Attribution 4.0 International}
}

@misc{carusottoNumericalStudies2022,
  doi = {10.48550/ARXIV.2207.00311},
  url = {https://arxiv.org/abs/2207.00311},
  author = {Butera,  Salvatore and Carusotto,  Iacopo},
  keywords = {Quantum Physics (quant-ph),  Quantum Gases (cond-mat.quant-gas),  General Relativity and Quantum Cosmology (gr-qc),  FOS: Physical sciences,  FOS: Physical sciences},
  title = {Numerical studies of back-reaction effects in an analog model of cosmological pre-heating},
  publisher = {arXiv},
  year = {2022},
  copyright = {arXiv.org perpetual,  non-exclusive license}
}


@misc{bouchouleRelaxation2022,
  doi = {10.48550/ARXIV.2206.00112},
  
  url = {https://arxiv.org/abs/2206.00112},
  
  author = {Bouchoule, Isabelle and Dubail, Jérôme and Dubois, Léa and Gangardt, Dimitri M.},
  
  keywords = {Quantum Gases (cond-mat.quant-gas), Quantum Physics (quant-ph), FOS: Physical sciences, FOS: Physical sciences},
  
  title = {Relaxation of phonons in the Lieb-Liniger gas by dynamical refermionization},
  
  publisher = {arXiv},
  
  year = {2022},
  
  copyright = {Creative Commons Attribution Non Commercial Share Alike 4.0 International}
}

@misc{bayocbocFrequencyBeating2022,
  doi = {10.48550/ARXIV.2207.00209},
  
  url = {https://arxiv.org/abs/2207.00209},
  
  author = {Bayocboc, F. A. and Kheruntsyan, K. V.},
  
  keywords = {Quantum Gases (cond-mat.quant-gas), FOS: Physical sciences, FOS: Physical sciences},
  
  title = {Frequency beating and damping of breathing oscillations of a harmonically trapped one-dimensional quasicondensate},
  
  publisher = {arXiv},
  
  year = {2022},
  
  copyright = {Creative Commons Attribution 4.0 International}
}
