@FOOTNOTE{Note1,key="Note1",note="$$ 2\pi \rho _s = 1 + \{ \Delta \star \rho \} ~= ~ 1 + \{ \Delta \star \{\nu \rho _s\} \} $$"}
@FOOTNOTE{Note2,key="Note2",note="\begin {eqnarray} 2\pi \protect \tilde  {\rho _s} & = & 1 + \{ \protect \tilde  {\Delta } \star \protect \tilde  {\rho } \} ~= ~ 1 + \{ \protect \tilde  {\Delta } \star \{\protect \tilde  {\nu } \protect \tilde  {\rho _s}\} \} \label {eq:3Bess}\end {eqnarray}"}
@CONTROL{REVTEX41Control}
@CONTROL{apsrev41Control,author="08",editor="1",pages="0",title="",year="1"}
