
@article{brazier1972interaction,
  title={The interaction of falling water drops: coalescence},
  author={Brazier-Smith, PR and Jennings, SG and Latham, J},
  journal={Proceedings of the Royal Society of London. A. Mathematical and Physical Sciences},
  volume={326},
  number={1566},
  pages={393--408},
  year={1972},
  publisher={The Royal Society London}
}

@article{simmons2020quantum,
  title={What is a quantum shock wave?},
  author={Simmons, SA and Bayocboc Jr, FA and Pillay, JC and Colas, D and McCulloch, IP and Kheruntsyan, KV},
  journal={Physical Review Letters},
  volume={125},
  number={18},
  pages={180401},
  year={2020},
  publisher={APS}
}

@article{PhysRevB.100.035108,
  title = {Transport in the sine-Gordon field theory: From generalized hydrodynamics to semiclassics},
  author = {Bertini, Bruno and Piroli, Lorenzo and Kormos, M\'arton},
  journal = {Phys. Rev. B},
  volume = {100},
  issue = {3},
  pages = {035108},
  numpages = {25},
  year = {2019},
  month = {Jul},
  publisher = {American Physical Society},
  doi = {10.1103/PhysRevB.100.035108},
  url = {https://link.aps.org/doi/10.1103/PhysRevB.100.035108}
}

@article{notes,
title="Lecture notes on Generalised Hydrodynamics",
author="Doyon, Benjamin",
journal="arXiv:1912.08496"
}

@article{inpreparation,
author= "Ruggiero, Paola and Calabrese, Pasquale and Doyon, Benjamin and Doyon, Jerome",
note = "In preparation.",
}

@article{itensor,
author= "iTensor Library",
journal="http://itensor.org.",
url="http://itensor.org"
}

@article{dmrg-rev,
title = "The density-matrix renormalization group in the age of matrix product states",
journal = "Annals of Physics",
volume = "326",
number = "1",
pages = "96 - 192",
year = "2011",
issn = "0003-4916",
doi = "https://doi.org/10.1016/j.aop.2010.09.012",
url = "http://www.sciencedirect.com/science/article/pii/S0003491610001752",
author = "Ulrich Schollwock"
}
 
@article{spohn2014nlfh,
	Author = {Spohn, Herbert},
	Doi = {10.1007/s10955-014-0933-y},
	Id = {Spohn2014},
	Isbn = {1572-9613},
	Journal = {J. Stat. Phys.},
	Number = {5},
	Pages = {1191--1227},
	Title = {Nonlinear Fluctuating Hydrodynamics for Anharmonic Chains},
	Ty = {JOUR},
	Url = {https://doi.org/10.1007/s10955-014-0933-y},
	Volume = {154},
	Year = {2014},
	Bdsk-Url-1 = {https://doi.org/10.1007/s10955-014-0933-y}}

 
 @article{yang1969thermodynamics,
  title={Thermodynamics of a One-Dimensional System of Bosons with Repulsive Delta-Function Interaction},
  author={Yang, Chen-Ning and Yang, Cheng P},
  journal={Journal of Mathematical Physics},
  volume={10},
  number={7},
  pages={1115--1122},
  year={1969},
  publisher={AIP}
}
 
 @article{yang1967some,
  title={Some exact results for the many-body problem in one dimension with repulsive delta-function interaction},
  author={Yang, Chen-Ning},
  journal={Physical Review Letters},
  volume={19},
  number={23},
  pages={1312},
  year={1967},
  publisher={APS}
}
 
 @book{takahashi2005thermodynamics,
  title={Thermodynamics of one-dimensional solvable models},
  author={Takahashi, Minoru},
  year={2005},
  publisher={Cambridge University Press}
}
 
 @article{mestyan2019GHDb,
  title={Molecular dynamics simulation of entanglement spreading in generalized hydrodynamics},
  author={Mesty\'an, M\'arton and Alba, Vincenzo},
  journal={ arXiv:1905.03206},
  year={2019},
  url={https://arxiv.org/abs/1905.03206}
}
 
 @article{bertini2019GHDb,
  title = {Universal Broadening of the Light Cone in Low-Temperature Transport},
  author = {Bertini, Bruno and Piroli, Lorenzo and Calabrese, Pasquale},
  journal = {Phys. Rev. Lett.},
  volume = {120},
  issue = {17},
  pages = {176801},
  numpages = {6},
  year = {2018},
  month = {Apr},
  publisher = {American Physical Society},
  doi = {10.1103/PhysRevLett.120.176801},
  url = {https://link.aps.org/doi/10.1103/PhysRevLett.120.176801}
}

 
@article{bertini2018GHD,
	Author = {Bertini, Bruno and Piroli, Lorenzo},
	Journal = {J.~Stat.~Mech. 033104},
	Isbn = {1742-5468},
	Number = {3},
	Publisher = {IOP Publishing},
	Title = {Low-temperature transport in out-of-equilibrium XXZ chains},
	Ty = {JOUR},
	Url = {http://dx.doi.org/10.1088/1742-5468/aab04b},
	Year = {2018},
	Bdsk-Url-1 = {http://dx.doi.org/10.1088/1742-5468/aab04b}}

 
 @article{mestyan2019GHD,
  title = {Spin-charge separation effects in the low-temperature transport of one-dimensional Fermi gases},
  author = {Mesty\'an, M\'arton and Bertini, Bruno and Piroli, Lorenzo and Calabrese, Pasquale},
  journal = {Phys. Rev. B},
  volume = {99},
  issue = {1},
  pages = {014305},
  numpages = {19},
  year = {2019},
  month = {Jan},
  publisher = {American Physical Society},
  doi = {10.1103/PhysRevB.99.014305},
  url = {https://link.aps.org/doi/10.1103/PhysRevB.99.014305}
}

 @article{nozawa2020generalized,
  title={Generalized hydrodynamic approach to charge and energy currents in the one-dimensional Hubbard model},
  author={Nozawa, Yuji and Tsunetsugu, Hirokazu},
  journal={Physical Review B},
  volume={101},
  number={3},
  pages={035121},
  year={2020},
  publisher={APS}
}

@article{PhysRevB.96.081118,
  title = {Ballistic transport in the one-dimensional Hubbard model: The hydrodynamic approach},
  author = {Ilievski, Enej and De Nardis, Jacopo},
  journal = {Phys. Rev. B},
  volume = {96},
  issue = {8},
  pages = {081118},
  numpages = {6},
  year = {2017},
  month = {Aug},
  publisher = {American Physical Society},
  doi = {10.1103/PhysRevB.96.081118},
  url = {https://link.aps.org/doi/10.1103/PhysRevB.96.081118}
}

 
 @article{bertini2019GHD,
  title = {Transport in the sine-Gordon field theory: From generalized hydrodynamics to semiclassics},
  author = {Bertini, Bruno and Piroli, Lorenzo and Kormos, M\'arton},
  journal = {Phys. Rev. B},
  volume = {100},
  issue = {3},
  pages = {035108},
  numpages = {25},
  year = {2019},
  month = {Jul},
  publisher = {American Physical Society},
  doi = {10.1103/PhysRevB.100.035108},
  url = {https://link.aps.org/doi/10.1103/PhysRevB.100.035108}
}
 

@article{entGHDfree,
	Author = {Bruno Bertini and Maurizio Fagotti and Lorenzo Piroli and Pasquale Calabrese},
	Doi = {10.1088/1751-8121/aad82e},
	Journal = {J.~Phys. A},
	Month = {aug},
	Number = {39},
	Pages = {39LT01},
	Publisher = {{IOP} Publishing},
	Title = {Entanglement evolution and generalised hydrodynamics: noninteracting systems},
	Url = {https://iopscience.iop.org/article/10.1088/1751-8121/aad82e},
	Volume = {51},
	Year = 2018
	}

@article{piroli2017transport,
  title={Transport in out-of-equilibrium XXZ chains: Nonballistic behavior and correlation functions},
  author={Piroli, Lorenzo and De Nardis, Jacopo and Collura, Mario and Bertini, Bruno and Fagotti, Maurizio},
  journal={Phys. Rev. B},
  volume={96},
  number={11},
  pages={115124},
  year={2017},
  publisher={APS},
    doi = {10.1103/PhysRevB.96.115124},
  url = {https://link.aps.org/doi/10.1103/PhysRevB.96.115124}
}

@article{collura2018analytic,
  title={Analytic solution of the domain-wall nonequilibrium stationary state},
  author={Collura, Mario and De Luca, Andrea and Viti, Jacopo},
  journal={Phys. Rev. B},
  volume={97},
  number={8},
  pages={081111},
  year={2018},
  publisher={APS},
    doi = {10.1103/PhysRevB.97.081111},
  url = {https://link.aps.org/doi/10.1103/PhysRevB.97.081111}
}

@article{bulchandani2018bethe,
  title={Bethe-Boltzmann hydrodynamics and spin transport in the XXZ chain},
  author={Bulchandani, Vir B and Vasseur, Romain and Karrasch, Christoph and Moore, Joel E},
  journal={Phys. Rev. B},
  volume={97},
  number={4},
  pages={045407},
  year={2018},
  publisher={APS},
    doi = {10.1103/PhysRevB.97.045407},
  url = {https://link.aps.org/doi/10.1103/PhysRevB.97.045407}
}

@article{cao2018incomplete,
  title={Incomplete thermalization from trap-induced integrability breaking: lessons from classical hard rods},
  author={Cao, Xiangyu and Bulchandani, Vir B and Moore, Joel E},
  journal={Phys. Rev. Lett.},
  volume={120},
  number={16},
  pages={164101},
  year={2018},
  publisher={APS},
    doi = {10.1103/PhysRevLett.120.164101},
  url = {https://link.aps.org/doi/10.1103/PhysRevLett.120.164101}
}

@article{doyon2017drude,
  title={Drude weight for the Lieb-Liniger Bose gas},
  author={Doyon, Benjamin and Spohn, Herbert},
  journal={SciPost Phys.},
  volume={3},
  pages={039},
  year={2017},
  doi={10.21468/SciPostPhys.3.6.039},
   url={https://scipost.org/10.21468/SciPostPhys.3.6.039}
}

@article{bastianello2018generalized,
  title={Generalized hydrodynamics of classical integrable field theory: the sinh-Gordon model},
  author={Bastianello, Alvise and Doyon, Benjamin and Watts, Gerard and Yoshimura, Takato},
  journal={SciPost Phys.},
  volume={4},
  number={045},
  pages={33},
  year={2018},
  	doi={10.21468/SciPostPhys.4.6.045},
	url={https://scipost.org/10.21468/SciPostPhys.4.6.045}
}

@article{caux2019hydrodynamics,
	title={{Hydrodynamics of the interacting Bose gas in the Quantum Newton Cradle  setup}},
	author={Jean-Sébastien Caux and Benjamin Doyon and Jérôme Dubail and Robert Konik and Takato Yoshimura},
	journal={SciPost Phys.},
	volume={6},
	issue={6},
	pages={70},
	year={2019},
	publisher={SciPost},
	doi={10.21468/SciPostPhys.6.6.070},
	url={https://scipost.org/10.21468/SciPostPhys.6.6.070},
}

@article{doyon2018soliton,
  title={Soliton gases and generalized hydrodynamics},
  author={Doyon, Benjamin and Yoshimura, Takato and Caux, Jean-S{\'e}bastien},
  journal={Phys. Rev. Lett.},
  volume={120},
  number={4},
  pages={045301},
  year={2018},
  publisher={APS},
    doi = {10.1103/PhysRevLett.120.045301},
  url = {https://link.aps.org/doi/10.1103/PhysRevLett.120.045301}
}

@article{bulchandani2019kinetic,
  title={Kinetic theory of quantum and classical Toda lattices},
  author={Bulchandani, Vir Bannerjee and Cao, Xiangyu and Moore, Joel E},
  journal={J.~Phys. A},
  year={2019},
  publisher={IOP Publishing},
  url={https://iopscience.iop.org/article/10.1088/1751-8121/ab2cf0},
    	volume = {52},
	number = {33}
}

@article{doyon2019generalised,
author = {Doyon,Benjamin },
title = {Generalized hydrodynamics of the classical Toda system},
journal = {J. Math. Phys.},
volume = {60},
number = {7},
pages = {073302},
year = {2019},
doi = {10.1063/1.5096892},
URL = { https://doi.org/10.1063/1.5096892}
}


@article{spohn2019generalized,
  title={Generalized gibbs ensembles of the classical toda chain},
  author={Spohn, Herbert},
  journal={J.~Stat.~Phys.},
  url={https://link.springer.com/article/10.1007/s10955-019-02320-5},
  year={2019},
  publisher={Springer},
  issn="1572-9613",
  eprint={[1902.07751]}
}

@article{alba2019entanglement,
	title={{Entanglement evolution and generalised hydrodynamics: interacting  integrable systems}},
	author={Vincenzo Alba and Bruno Bertini and Maurizio Fagotti},
	journal={SciPost Phys.},
	volume={7},
	issue={1},
	pages={5},
	year={2019},
	publisher={SciPost},
	doi={10.21468/SciPostPhys.7.1.005},
	url={https://scipost.org/10.21468/SciPostPhys.7.1.005},
}

@article{ilievski2017microscopic,
  title={Microscopic origin of ideal conductivity in integrable quantum models},
  author={Ilievski, Enej and De Nardis, Jacopo},
  journal={Phys. Rev. Lett.},
  volume={119},
  number={2},
  pages={020602},
  year={2017},
  publisher={APS},
    doi = {10.1103/PhysRevLett.119.020602},
  url = {https://link.aps.org/doi/10.1103/PhysRevLett.119.020602}
}

@article{bastianello2019generalized,
  title={Generalized hydrodynamics with space-time inhomogeneous interactions},
  author={Bastianello, Alvise and Alba, Vincenzo and Caux, Jean-S{\'e}bastien},
  journal={Physical review letters},
  volume={123},
  number={13},
  pages={130602},
  year={2019},
  publisher={APS}
}

@article{panfil2019linearized,
  title={Linearized regime of the generalized hydrodynamics with diffusion},
  author={Panfil, Mi{\l}osz and Pawe{\l}czyk, Jacek},
  journal={ arXiv:1905.06257},
  year={2019}
}

@article{ilievski2017ballistic,
  title={Ballistic transport in the one-dimensional Hubbard model: the hydrodynamic approach},
  author={Ilievski, Enej and De Nardis, Jacopo},
  journal={Phys. Rev. B},
  volume={96},
  number={8},
  pages={081118},
  year={2017},
  publisher={APS},
    doi = {10.1103/PhysRevB.96.081118},
  url = {https://link.aps.org/doi/10.1103/PhysRevB.96.081118}
}

@article{doyon2018exact,
  title={Exact large-scale correlations in integrable systems out of equilibrium},
  author={Doyon, Benjamin},
  journal={SciPost Phys.},
  volume={5},
  number={5},
  pages={054},
  year={2018},
  	doi={10.21468/SciPostPhys.5.5.054},
	url={https://scipost.org/10.21468/SciPostPhys.5.5.054}
}


@Article{vu2018equations,
	title={{Equations of state in generalized hydrodynamics}},
	author={Dinh-Long Vu and Takato Yoshimura},
	journal={SciPost Phys.},
	volume={6},
	issue={2},
	pages={23},
	year={2019},
	publisher={SciPost},
	doi={10.21468/SciPostPhys.6.2.023},
	url={https://scipost.org/10.21468/SciPostPhys.6.2.023},
}


@article{gopalakrishnan2018hydrodynamics,
  title={Hydrodynamics of operator spreading and quasiparticle diffusion in interacting integrable systems},
  author={Gopalakrishnan, Sarang and Huse, David A and Khemani, Vedika and Vasseur, Romain},
  journal={Phys. Rev. B},
  volume={98},
  number={22},
  pages={220303},
  year={2018},
  publisher={APS},
    doi = {10.1103/PhysRevB.98.220303},
  url = {https://link.aps.org/doi/10.1103/PhysRevB.98.220303}
}

@article{agrawal2019generalized,
  title={Generalized hydrodynamics, quasiparticle diffusion, and anomalous local relaxation in random integrable spin chains},
  author={Agrawal, Utkarsh and Gopalakrishnan, Sarang and Vasseur, Romain},
  journal={Phys. Rev. B},
  volume={99},
  number={17},
  pages={174203},
  year={2019},
  publisher={APS},
    doi = {10.1103/PhysRevB.99.174203},
  url = {https://link.aps.org/doi/10.1103/PhysRevB.99.174203}
}

@article{mazza2018energy,
  title={Energy transport in an integrable parafermionic chain via generalized hydrodynamics},
  author={Mazza, Leonardo and Viti, Jacopo and Carrega, Matteo and Rossini, Davide and De Luca, Andrea},
  journal={Phys. Rev. B},
  volume={98},
  number={7},
  pages={075421},
  year={2018},
  publisher={APS},
    doi = {10.1103/PhysRevB.98.075421},
  url = {https://link.aps.org/doi/10.1103/PhysRevB.98.075421}
}

@article{alba2019towards,
  title={Towards a generalized hydrodynamics description of R{\'e}nyi entropies in integrable systems},
  author={Alba, Vincenzo},
  journal={Phys. Rev. B},
  volume={99},
  number={4},
  pages={045150},
  year={2019},
  publisher={APS},
    doi = {10.1103/PhysRevB.99.045150},
  url = {https://link.aps.org/doi/10.1103/PhysRevB.99.045150}
}

@article{borsi2019current,
  title={Current operators in Bethe Ansatz and Generalized Hydrodynamics: An exact quantum/classical correspondence},
  author={Borsi, M{\'a}rton and Pozsgay, Bal{\'a}zs and Pristy{\'a}k, Levente},
  journal={ arXiv:1908.07320},
  year={2019},
  url={https://arxiv.org/abs/1908.07320}
}

@Article{entGHDint,
	title={{Entanglement evolution and generalised hydrodynamics: interacting  integrable systems}},
	author={Vincenzo Alba and Bruno Bertini and Maurizio Fagotti},
	journal={SciPost Phys..},
	volume={7},
	issue={1},
	pages={5},
	year={2019},
	publisher={SciPost},
	doi={10.21468/SciPostPhys.7.1.005},
	url={https://scipost.org/10.21468/SciPostPhys.7.1.005},
}

@article{geomquench,
  title = {Entanglement spreading after a geometric quench in quantum spin chains},
  author = {Alba, Vincenzo and Heidrich-Meisner, Fabian},
  journal = {Phys. Rev. B},
  volume = {90},
  issue = {7},
  pages = {075144},
  numpages = {16},
  year = {2014},
  month = {Aug},
  publisher = {American Physical Society},
  doi = {10.1103/PhysRevB.90.075144},
  url = {https://link.aps.org/doi/10.1103/PhysRevB.90.075144}
}

@article{localquench2,
	Author = {St{\'e}phan, Jean-Marie and Dubail, J{\'e}r{\^o}me},
	Journal = {J.~Stat.~Mech. P08019},
	Da = {2011/08/30},
	Isbn = {1742-5468},
	Number = {08},
	Publisher = {IOP Publishing},
	Title = {Local quantum quenches in critical one-dimensional systems: entanglement, the Loschmidt echo, and light-cone effects},
	Ty = {JOUR},
	Url = {http://dx.doi.org/10.1088/1742-5468/2011/08/P08019},
	Year = {2011},
	}


@article{localquench1,
	Author = {Calabrese, Pasquale and Cardy, John},
	journal= {J.~Stat.~Mech. P10004},
	Number = {10},
	Publisher = {IOP Publishing},
	Title = {Entanglement and correlation functions following a local quench: a conformal field theory approach},
	Ty = {JOUR},
	year={2007},
	Url = {http://dx.doi.org/10.1088/1742-5468/2007/10/P10004}}


 @article{ce-10,
  author={Pasquale Calabrese and Fabian H L Essler},
 title={Universal corrections to scaling for block entanglement in spin-1/2 XX chains},
   journal={J.~Stat.~Mech. P08029},
  number={08},
  url={http://stacks.iop.org/1742-5468/2010/i=08/a=P08029},
  year={2010}
}

@article {BasTr,
author = {Basor, Estelle L. and Tracy,  Craig A.},
title = {The Fisher-Hartwig conjecture and generalizations},
journal = {Physica A},
volume = {177},
number = {9},
doi = {10.1016/0378-4371(91)90149-7},
pages = {167--173},
year = {1991},
}

@article {Basor1979,
author = {Basor, Estelle L.},
title = {A Localization Theorem for Toeplitz Determinants},
journal = {Indiana Univ. Math. J.},
volume = {28},
pages = {975},
doi = {},
year = {1979},
url={http://www.iumj.indiana.edu/docs/28070/28070.asp}
}

   @article{jk-04,
author="Jin, B.-Q.
and Korepin, V. E.",
title="Quantum Spin Chain, Toeplitz Determinants and the Fisher-Hartwig Conjecture",
journal="J.~Stat.~Phys.~",
year="2004",
volume="116",
number="1",
pages="79--95",
doi="10.1023/B:JOSS.0000037230.37166.42",
url={https://link.springer.com/article/10.1023/B:JOSS.0000037230.37166.42}
}

@article{km-05,
  title = {Entanglement in Quantum Spin Chains, Symmetry Classes of Random Matrices, and Conformal Field Theory},
  author = {Keating, J. P. and Mezzadri, F.},
  journal = {Phys.~Rev.~Lett.~},
  volume = {94},
  issue = {5},
  pages = {050501},
  numpages = {4},
  year = {2005},
  month = {Feb},
  publisher = {American Physical Society},
  doi = {10.1103/PhysRevLett.94.050501},
  url = {https://link.aps.org/doi/10.1103/PhysRevLett.94.050501}
}


 @article{km-long,
  author={Keating, J. and Mezzadri, F},
 title={Random Matrix Theory and Entanglement in Quantum Spin Chains},
   journal={Commun. Math. Phys.},
  volume={252},
  number={1-3},
  pages={543},
  url={https://doi.org/10.1007/s00220-004-1188-2},
  year={2004}
}


@article{landau1941theory,
  title={Theory of the Superfluidity of Helium II},
  author={Landau, L},
  journal={Phys. Rev.},
  volume={60},
  number={4},
  pages={356},
  year={1941},
  publisher={APS},
    doi = {10.1103/PhysRev.60.356},
  url = {https://link.aps.org/doi/10.1103/PhysRev.60.356}
}

@book{nozieres2018theory,
  title={Theory of quantum liquids},
  author={Nozi{\`e}res, Philippe},
  year={2018},
  publisher={CRC Press}
}

@book{leggett2006quantum,
  title={Quantum liquids: Bose condensation and Cooper pairing in condensed-matter systems},
  author={Leggett, Anthony James and others},
  year={2006},
  publisher={Oxford university press}
}

@article{el2005kinetic,
  title={Kinetic equation for a dense soliton gas},
  author={El, GA and Kamchatnov, AM},
  journal={Phys. Rev. Lett.},
  volume={95},
  number={20},
  pages={204101},
  year={2005},
  publisher={APS},
    doi = {10.1103/PhysRevLett.95.204101},
  url = {https://link.aps.org/doi/10.1103/PhysRevLett.95.204101}
}

@article{imambekov2012one,
  title={One-dimensional quantum liquids: Beyond the Luttinger liquid paradigm},
  author={Imambekov, Adilet and Schmidt, Thomas L and Glazman, Leonid I},
  journal={Rev. Mod. Phys.},
  volume={84},
  number={3},
  pages={1253},
  year={2012},
  publisher={APS},
    doi = {10.1103/RevModPhys.84.1253},
  url = {https://link.aps.org/doi/10.1103/RevModPhys.84.1253}
}

@article{bulchandani2017classical,
  title={On classical integrability of the hydrodynamics of quantum integrable systems},
  author={Bulchandani, Vir B},
  journal={J.~Phys. A},
  volume={50},
  number={43},
  pages={435203},
  year={2017},
  publisher={IOP Publishing},
  url={https://iopscience.iop.org/article/10.1088/1751-8121/aa8c62}
}

@article{mora2003extension,
  title={Extension of Bogoliubov theory to quasicondensates},
  author={Mora, Christophe and Castin, Yvan},
  journal={Phys. Rev. A},
  volume={67},
  number={5},
  pages={053615},
  year={2003},
  publisher={APS},
  doi = {10.1103/PhysRevA.67.053615},
  url = {https://link.aps.org/doi/10.1103/PhysRevA.67.053615}
}

@book{giamarchi2003quantum,
  title={Quantum physics in one dimension},
  author={Giamarchi, Thierry},
  volume={121},
  year={2003},
  publisher={Clarendon press}
}

@article{cazalilla2004bosonizing,
  title={Bosonizing one-dimensional cold atomic gases},
  author={Cazalilla, MA},
  journal={J.~Phys.~B},
  volume={37},
  number={7},
  pages={S1},
  year={2004},
  publisher={IOP Publishing},
  url={https://iopscience.iop.org/article/10.1088/0953-4075/37/7/051}
}

@book{khalatnikov2018introduction,
  title={An introduction to the theory of superfluidity},
  author={Khalatnikov, Isaac M},
  year={2018},
  publisher={CRC Press}
}

@article{bogolyubov1947theory,
  title={On the theory of superfluidity},
  author={Bogolyubov, Nikolay Nikolaevich},
  journal={Izv. Akad. Nauk Ser. Fiz.},
  volume={11},
  pages={23--32},
  year={1947}
}

@book{pitaevskii2016bose,
  title={Bose-Einstein condensation and superfluidity},
  author={Pitaevskii, Lev and Stringari, Sandro},
  volume={164},
  year={2016},
  publisher={Oxford University Press}
}

@inproceedings{putterman1974superfluid,
  title={Superfluid hydrodynamics},
  author={Putterman, Seth J},
  booktitle={Amsterdam, North-Holland Publishing Co.; New York, American Elsevier Publishing Co., Inc.(North-Holland Series in Low Temperature Physics. Volume 3), 1974. 464 p.},
  volume={3},
  year={1974}
}

@article{wiegmann2013hydrodynamics,
  title={Hydrodynamics of Euler incompressible fluid and the fractional quantum Hall effect},
  author={Wiegmann, PB},
  journal={Phys. Rev. B},
  volume={88},
  number={24},
  pages={241305},
  year={2013},
  publisher={APS},
    doi = {10.1103/PhysRevB.88.241305},
  url = {https://link.aps.org/doi/10.1103/PhysRevB.88.241305}
}

@article{olshanii1998atomic,
  title={Atomic scattering in the presence of an external confinement and a gas of impenetrable bosons},
  author={Olshanii, Maxim},
  journal={Phys. Rev. Lett.},
  volume={81},
  number={5},
  pages={938},
  year={1998},
  publisher={APS},
    doi = {10.1103/PhysRevLett.81.938},
  url = {https://link.aps.org/doi/10.1103/PhysRevLett.81.938}
}

@Article{10.21468/SciPostPhys.6.4.049,
	title={{Diffusion in generalized hydrodynamics and quasiparticle scattering}},
	author={Jacopo De Nardis and Denis Bernard and Benjamin Doyon},
	journal={SciPost Phys.},
	volume={6},
	issue={4},
	pages={49},
	year={2019},
	publisher={SciPost},
	doi={10.21468/SciPostPhys.6.4.049},
	url={https://scipost.org/10.21468/SciPostPhys.6.4.049},
}

@article{de2018hydrodynamic,
  title={Hydrodynamic diffusion in integrable systems},
  author={De Nardis, Jacopo and Bernard, Denis and Doyon, Benjamin},
  journal={Phys. Rev. Lett.},
  volume={121},
  number={16},
  pages={160603},
  year={2018},
  publisher={APS},
    doi = {10.1103/PhysRevLett.121.160603},
  url = {https://link.aps.org/doi/10.1103/PhysRevLett.121.160603}
}

@article{wiegmann2014anomalous,
  title={Anomalous hydrodynamics of two-dimensional vortex fluids},
  author={Wiegmann, Paul and Abanov, Alexander G},
  journal={Phys. Rev. Lett.},
  volume={113},
  number={3},
  pages={034501},
  year={2014},
  publisher={APS},
    doi = {10.1103/PhysRevLett.113.034501},
  url = {https://link.aps.org/doi/10.1103/PhysRevLett.113.034501}
}

@article{wiegmann2019quantization,
  title={Quantization of Hydrodynamics: Rotating Superfluid and Gravitational Anomaly},
  author={Wiegmann, P},
  journal={ arXiv:1906.03788},
  url= {https://arxiv.org/abs/1906.03788},
  year={2019}
}

@article{tsubota2013quantum,
  title={Quantum hydrodynamics},
  author={Tsubota, Makoto and Kobayashi, Michikazu and Takeuchi, Hiromitsu},
  journal={Physics Reports},
  volume={522},
  number={3},
  pages={191--238},
  year={2013},
  publisher={Elsevier}
}

@book{korepin1997quantum,
  title={Quantum inverse scattering method and correlation functions},
  author={Korepin, Vladimir E and Bogoliubov, Nicholay M and Izergin, Anatoli G},
  volume={3},
  year={1997},
  publisher={Cambridge university press}
}

@article{lieb1963exact,
  title={Exact analysis of an interacting Bose gas. I. The general solution and the ground state},
  author={Lieb, Elliott H and Liniger, Werner},
  journal={Phys. Rev.},
  volume={130},
  number={4},
  pages={1605},
  year={1963},
  publisher={APS},
    doi = {10.1103/PhysRev.130.1605},
  url = {https://link.aps.org/doi/10.1103/PhysRev.130.1605}
}

@article{brun2017one,
  title={One-particle density matrix of trapped one-dimensional impenetrable bosons from conformal invariance},
  author={Brun, Yannis and Dubail, Jerome},
  journal={SciPost Phys.},
  volume={2},
  pages={012},
  year={2017},
  	doi={10.21468/SciPostPhys.2.2.012},
	url={https://scipost.org/10.21468/SciPostPhys.2.2.012}
}

@Article{ruggiero2019conformal,
	title={{Conformal field theory on top of a breathing one-dimensional gas of hard  core bosons}},
	author={Paola Ruggiero and Yannis Brun and Jérome Dubail},
	journal={SciPost Phys.},
	volume={6},
	issue={4},
	pages={51},
	year={2019},
	publisher={SciPost},
	doi={10.21468/SciPostPhys.6.4.051},
	url={https://scipost.org/10.21468/SciPostPhys.6.4.051},
}

@article{brun2018inhomogeneous,
  title={The Inhomogeneous Gaussian Free Field, with application to ground state correlations of trapped 1d Bose gases},
  author={Brun, Yannis and Dubail, Jerome},
  journal={SciPost Phys.},
  volume={4},
  pages={037},
  year={2018},
  	doi={10.21468/SciPostPhys.4.6.037},
	url={https://scipost.org/10.21468/SciPostPhys.4.6.037},
}

@article{wen1990chiral,
  title={Chiral Luttinger liquid and the edge excitations in the fractional quantum Hall states},
  author={Wen, Xiao-Gang},
  journal={Phys. Rev. B},
  volume={41},
  number={18},
  pages={12838},
  year={1990},
  publisher={APS},
    doi = {10.1103/PhysRevB.41.12838},
  url = {https://link.aps.org/doi/10.1103/PhysRevB.41.12838}
}

@article{wen1992theory,
  title={Theory of the edge states in fractional quantum Hall effects},
  author={Wen, Xiao-Gang},
  journal={Int.~J.~Mod. Phys. B},
  volume={6},
  number={10},
  year={1992},
  publisher={World Scientific},
  url={https://www.worldscientific.com/doi/abs/10.1142/S0217979292000840},
  pages = {1711-1762}
}

@article{iso1992fermions,
  title={Fermions in the lowest Landau level. Bosonization, $W_{\infty}$ algebra, droplets, chiral bosons},
  author={Iso, Satoshi and Karabali, Dimitra and Sakita, Bunji},
  journal={Phys. Lett. B},
  volume={296},
  number={1-2},
  pages={143--150},
  year={1992},
  publisher={Elsevier},
  url={https://doi.org/10.1016/0370-2693(92)90816-M}
}

@article{cappelli1993infinite,
  title={Infinite symmetry in the quantum Hall effect},
  author={Cappelli, Andrea and Trugenberger, Carlo A and Zemba, Guillermo R},
  journal={Nucl. Phys.~B},
  volume={396},
  number={2-3},
  pages={465--490},
  year={1993},
  publisher={Elsevier},
  url={https://doi.org/10.1016/0550-3213(93)90660-H}
}

@article{floreanini1987self,
  title={Self-dual fields as charge-density solitons},
  author={Floreanini, R and Jackiw, R},
  journal={Phys. Rev. Lett.},
  volume={59},
  number={17},
  pages={1873},
  year={1987},
  publisher={APS}
}

@article{sonnenschein1988chiral,
  title={Chiral bosons},
  author={Sonnenschein, Jacob},
  journal={Nucl. Phys.~B},
  volume={309},
  number={4},
  pages={752--770},
  year={1988},
  publisher={Elsevier}
}

@article{girardeau1960relationship,
  title={Relationship between systems of impenetrable bosons and fermions in one dimension},
  author={Girardeau, Marvin},
  journal={J. Math. Phys.},
  volume={1},
  number={6},
  pages={516--523},
  year={1960},
  publisher={AIP},
  url={https://doi.org/10.1063/1.1703687}
}

@article{berezin1964schrodinger,
  title={Schr{\"o}dinger equation for a system of one-dimensional particles with point interaction},
  author={Berezin, FA and Pokhil, GP and Finkelberg, VM},
  journal={Vestnik MGU},
  volume={1},
  pages={21--28},
  year={1964}
}

@MISC{SM,
	note="See the Supplemental Material, which includes Refs.~\cite{notes,nozawa2020generalized}, for the derivation of the propagation equation, of the Onsager reciprocity relation, and for formulas valid for more general integrable models."
}

@article{PhysRevLett.121.160603,
  title = {Hydrodynamic Diffusion in Integrable Systems},
  author = {De Nardis, Jacopo and Bernard, Denis and Doyon, Benjamin},
  journal = {Phys. Rev. Lett.},
  volume = {121},
  issue = {16},
  pages = {160603},
  numpages = {7},
  year = {2018},
  month = {Oct},
  publisher = {American Physical Society},
  doi = {10.1103/PhysRevLett.121.160603},
  url = {https://link.aps.org/doi/10.1103/PhysRevLett.121.160603}
}

@article{Vidmar_2016,
	url = {https://doi.org/10.1088%2F1742-5468%2F2016%2F06%2F064007},
	year = 2016,
	month = {jun},
	publisher = {{IOP} Publishing},
	volume = {2016},
	number = {6},
	author = {Lev Vidmar and Marcos Rigol},
	title = {Generalized Gibbs ensemble in integrable lattice models},
	journal = {J.~Stat.~Mech. 064007}
}

@article{Ilievski_2016,
	url = {https://doi.org/10.1088%2F1742-5468%2F2016%2F06%2F064008},
	year = 2016,
	month = {jun},
	publisher = {{IOP} Publishing},
	volume = {2016},
	number = {6},
	author = {Enej Ilievski and Marko Medenjak and Toma{\v{z}} Prosen and Lenart Zadnik},
	title = {Quasilocal charges in integrable lattice systems},
	journal = {J.~Stat.~Mech. 064008}
}

@article{D_Alessio_2016,
	doi = {10.1080/00018732.2016.1198134},
	url = {https://doi.org/10.1080%2F00018732.2016.1198134},
	year = 2016,
	month = {may},
	publisher = {Informa {UK} Limited},
	volume = {65},
	number = {3},
	pages = {239--362},
	author = {Luca D'Alessio and Yariv Kafri and Anatoli Polkovnikov and Marcos Rigol},
	title = {From quantum chaos and eigenstate thermalization to statistical mechanics and thermodynamics},
	journal = {Advances in Physics}
}

@article{Borgonovi_2016,
	doi = {10.1016/j.physrep.2016.02.005},
	url = {https://doi.org/10.1016%2Fj.physrep.2016.02.005},
	year = 2016,
	month = {apr},
	publisher = {Elsevier {BV}},
	volume = {626},
	pages = {1--58},
	author = {F. Borgonovi and F.M. Izrailev and L.F. Santos and V.G. Zelevinsky},
	title = {Quantum chaos and thermalization in isolated systems of interacting particles},
	journal = {Physics Reports}
}

@article{Caux_2016,
	url = {https://doi.org/10.1088%2F1742-5468%2F2016%2F06%2F064006},
	year = 2016,
	month = {jun},
	publisher = {{IOP} Publishing},
	volume = {2016},
	number = {6},
	author = {Jean-S{\'{e}}bastien Caux},
	title = {The Quench Action},
	journal = {J.~Stat.~Mech. 064006}
}

@article{Spohn_2018,
	doi = {10.1063/1.5018624},
	url = {https://doi.org/10.1063%2F1.5018624},
	year = 2018,
	month = {sep},
	publisher = {{AIP} Publishing},
	volume = {59},
	number = {9},
	pages = {091402},
	author = {Herbert Spohn},
	title = {Interacting and noninteracting integrable systems},
	journal = {J. Math. Phys.}
}

@article{Khemani_2018,
  title = {Velocity-dependent Lyapunov exponents in many-body quantum, semiclassical, and classical chaos},
  author = {Khemani, Vedika and Huse, David A. and Nahum, Adam},
  journal = {Phys. Rev. B},
  volume = {98},
  issue = {14},
  pages = {144304},
  numpages = {9},
  year = {2018},
  month = {Oct},
  publisher = {American Physical Society},
  doi = {10.1103/PhysRevB.98.144304},
  url = {https://link.aps.org/doi/10.1103/PhysRevB.98.144304}
}

@article{bertini2016transport,
  title={Transport in Out-of-Equilibrium X X Z Chains: Exact Profiles of Charges and Currents},
  author={Bertini, Bruno and Collura, Mario and De Nardis, Jacopo and Fagotti, Maurizio},
  journal={Phys. Rev. Lett.},
  volume={117},
  number={20},
  pages={207201},
  year={2016},
  publisher={APS},
  doi = {10.1103/PhysRevLett.117.207201},
  url = {https://link.aps.org/doi/10.1103/PhysRevLett.117.207201}
}

@article{castro2016emergent,
  title={Emergent hydrodynamics in integrable quantum systems out of equilibrium},
  author={Castro-Alvaredo, Olalla A and Doyon, Benjamin and Yoshimura, Takato},
  journal={Phys. Rev. X},
  volume={6},
  number={4},
  pages={041065},
  year={2016},
  publisher={APS},
    doi = {10.1103/PhysRevX.6.041065},
  url = {https://link.aps.org/doi/10.1103/PhysRevX.6.041065}
}


@article{bertini2018entanglement,
  url={https://arxiv.org/abs/1812.05090},
  title={Entanglement spreading in a minimal model of maximal many-body quantum chaos},
  author={Bertini, Bruno and Kos, Pavel and Prosen, Tomaz},
  journal={ arXiv:1812.05090},
  year={2018}
}

@article{doyon2018geometric,
  doi = {https://doi.org/10.1016/j.nuclphysb.2017.12.002},
  title={A geometric viewpoint on generalized hydrodynamics},
  author={Doyon, Benjamin and Spohn, Herbert and Yoshimura, Takato},
  journal={Nucl. Phys.~B},
  volume={926},
  pages={570--583},
  year={2018},
  publisher={Elsevier}
}

@article{khemani2018velocity,
  title = {Velocity-dependent Lyapunov exponents in many-body quantum, semiclassical, and classical chaos},
  author = {Khemani, Vedika and Huse, David A. and Nahum, Adam},
  journal = {Phys. Rev. B},
  volume = {98},
  issue = {14},
  pages = {144304},
  numpages = {9},
  year = {2018},
  month = {Oct},
  publisher = {American Physical Society},
  doi = {10.1103/PhysRevB.98.144304},
  url = {https://link.aps.org/doi/10.1103/PhysRevB.98.144304}
}

@article{buvca2019exact,
url={https://arxiv.org/abs/1901.00845},
  title={Exact large deviation statistics and trajectory phase transition of a deterministic boundary driven cellular automaton},
  author={Bu{\v{c}}a, Berislav and Garrahan, Juan P and Prosen, Toma{\v{z}} and Vanicat, Matthieu},
  journal={ arXiv:1901.00845},
  year={2019}
}

@article{chan2018solution,
  title = {Solution of a Minimal Model for Many-Body Quantum Chaos},
  author = {Chan, Amos and De Luca, Andrea and Chalker, J. T.},
  journal = {Phys. Rev. X},
  volume = {8},
  issue = {4},
  pages = {041019},
  numpages = {17},
  year = {2018},
  month = {Nov},
  publisher = {American Physical Society},
  doi = {10.1103/PhysRevX.8.041019},
  url = {https://link.aps.org/doi/10.1103/PhysRevX.8.041019}
}

@article{nie2018signature,
url={https://arxiv.org/abs/1812.00013},
  title={Signature of quantum chaos in operator entanglement in 2d CFTs},
  author={Nie, Laimei and Nozaki, Masahiro and Ryu, Shinsei and Tan, Mao Tian},
  journal={ arXiv:1812.00013},
  year={2018}
}

@article{takhtajan1982picture,
title = "The picture of low-lying excitations in the isotropic Heisenberg chain of arbitrary spins",
journal = "Physics Letters A",
volume = "87",
number = "9",
pages = "479 - 482",
year = "1982",
issn = "0375-9601",
doi = "https://doi.org/10.1016/0375-9601(82)90764-2",
url = "http://www.sciencedirect.com/science/article/pii/0375960182907642",
author = "L.A. Takhtajan",
abstract = "It is shown that the only one-particle excitation in the Heisenberg antiferromagnetic chain of arbitrary spins is a doublet of spin 12 spin waves. The S-matrix of the spin waves is calculated."
}

@article{babujian1983exact,
  doi = "https://doi.org/10.1016/0550-3213(83)90668-5",
  url = "http://www.sciencedirect.com/science/article/pii/0550321383906685",
  title={Exact solution of the isotropic Heisenberg chain with arbitrary spins: thermodynamics of the model},
  author={Babujian, Hratchya M},
  journal={Nucl. Phys.~B},
  volume={215},
  number={3},
  pages={317--336},
  year={1983},
  publisher={Elsevier}
}

@article{prosen2007efficiency,
  title = {Is the efficiency of classical simulations of quantum dynamics related to integrability?},
  author = {Prosen, Tomaz and \ifmmode \check{Z}\else \v{Z}\fi{}nidari\ifmmode \check{c}\else \v{c}\fi{}, Marko},
  journal = {Phys. Rev. E},
  volume = {75},
  issue = {1},
  pages = {015202(R)},
  numpages = {4},
  year = {2007},
  month = {Jan},
  publisher = {American Physical Society},
  doi = {10.1103/PhysRevE.75.015202},
  url = {https://link.aps.org/doi/10.1103/PhysRevE.75.015202}
}


@article{gopalakrishnan2018operator,
  title = {Operator growth and eigenstate entanglement in an interacting integrable Floquet system},
  author = {Gopalakrishnan, Sarang},
  journal = {Phys. Rev. B},
  volume = {98},
  issue = {6},
  pages = {060302(R)},
  numpages = {5},
  year = {2018},
  month = {Aug},
  publisher = {American Physical Society},
  doi = {10.1103/PhysRevB.98.060302},
  url = {https://link.aps.org/doi/10.1103/PhysRevB.98.060302}
}

@article{gopalakrishnan2018facilitated,
	doi = {10.1088/2058-9565/aad759},
	url = {https://doi.org/10.1088%2F2058-9565%2Faad759},
	year = 2018,
	month = {aug},
	publisher = {{IOP} Publishing},
	volume = {3},
	number = {4},
	pages = {044004},
	author = {Sarang Gopalakrishnan and Bahti Zakirov},
	title = {Facilitated quantum cellular automata as simple models with non-thermal eigenstates and dynamics},
	journal = {Quantum Science and Technology},
	abstract = {We introduce and describe a class of simple facilitated quantum spin models in which the dynamics is due to the repeated application of unitary gates. The gates are applied periodically in time, so their combined action constitutes a Floquet unitary. The dynamics of the models we discuss can be classically simulated, and their eigenstates classically constructed (despite being highly entangled). We consider a variety of models in one and two dimensions: we are primarily concerned with models involving Clifford gates, but we also briefly discuss a model involving Clifford and Toffoli gates. Two of these models are integrable free-particle models; we construct their conserved densities. For all five models, however, the eigenstate entanglement (in all cases) and operator dynamics (in all but one case) differ from those of generic chaotic systems. In addition, two of these models have exponentially many eigenstates in which one or more sites ‘disentangle’ from the rest of the system, as a consequence of reflection symmetry.}
}

@article{bobenko1993two,
author="Bobenko, Alexander
and Bordemann, Martin
and Gunn, Charlie
and Pinkall, Ulrich",
title="On two integrable cellular automata",
journal="Communications in Mathematical Physics",
year="1993",
month="Nov",
day="01",
volume="158",
number="1",
pages="127--134",
abstract="We describe two simple cellular automata (CA) models which exhibit the essential attributes of soliton systems. The first one is an invertible, 2-state, 1-dimensional CA or, in other words, a nonlinearZ2-valued dynamical system with discrete space and time. Against a vacuum state of 0, the system exhibits light cone particles in both spatial directions, which interact in a soliton-like fashion. A complete solution of this system is obtained. We also consider another CA, which is described by the Hirota equation over a finite field, and present a Lax representation for it.",
issn="1432-0916",
doi="10.1007/BF02097234",
url="https://doi.org/10.1007/BF02097234"
}

@article{klobas2018time,
url={https://arxiv.org/abs/1807.05000},
  title={Time-dependent matrix product ansatz for interacting reversible dynamics},
  author={Klobas, Katja and Medenjak, Marko and Prosen, Tomaz and Vanicat, Matthieu},
  journal={ arXiv:1807.05000},
  year={2018}
}

@article{neumann1929beweis,
    doi={10.1007/BF01339852},
url={https://doi.org/10.1007/BF01339852},
  title={Beweis des Ergodensatzes und desH-Theorems in der neuen Mechanik},
  author={Neumann, J v},
  journal={Zeitschrift f{\"u}r Physik},
  volume={57},
  number={1-2},
  pages={30--70},
  year={1929},
  publisher={Springer}
}

@article{hastings2006solving,
  title = {Solving gapped Hamiltonians locally},
  author = {Hastings, M. B.},
  journal = {Phys. Rev. B},
  volume = {73},
  issue = {8},
  pages = {085115},
  numpages = {13},
  year = {2006},
  month = {Feb},
  publisher = {American Physical Society},
  doi = {10.1103/PhysRevB.73.085115},
  url = {https://link.aps.org/doi/10.1103/PhysRevB.73.085115}
}

@article{longversion,
  title={In preparation},
  author={Calabrese, Pasquale and Dubail, J\'er\^ome and Doyon, Benjamin and Ruggiero, Paola},
  journal={To appear},
  volume={},
  number={},
  pages={},
  year={},
  publisher={},
  doi = {},
  url = {}
}

@article{eisenbud1948formal,
  title={The formal properties of nuclear collisions.},
  author={Eisenbud, Leonard},
  journal={PhDT},
  year={1948}
}

@article{wigner1955lower,
  title={Lower limit for the energy derivative of the scattering phase shift},
  author={Wigner, Eugene P},
  journal={Physical Review},
  volume={98},
  number={1},
  pages={145},
  year={1955},
  publisher={APS}
}

@article{rigol2007relaxation,
  title={Relaxation in a completely integrable many-body quantum system: An ab initio study of the dynamics of the highly excited states of 1d lattice hard-core bosons},
  author={Rigol, Marcos and Dunjko, Vanja and Yurovsky, Vladimir and Olshanii, Maxim},
  journal={Phys. Rev. Lett.},
  volume={98},
  number={5},
  pages={050405},
  year={2007},
  publisher={APS},
  doi = {10.1103/PhysRevLett.98.050405},
  url = {https://link.aps.org/doi/10.1103/PhysRevLett.98.050405}
}

@article{eisert2015quantum,
  title={Quantum many-body systems out of equilibrium},
  author={Eisert, Jens and Friesdorf, Mathis and Gogolin, Christian},
  journal={Nature Physics},
  volume={11},
  number={2},
  pages={124},
  year={2015},
  publisher={Nature Publishing Group},
  doi={10.1038/nphys3215}
}

@article{essler2016quench,
    url = {https://doi.org/10.1088\%2F1742-5468\%2F2016\%2F06\%2F064002},
  title={Quench dynamics and relaxation in isolated integrable quantum spin chains},
  author={Essler, Fabian HL and Fagotti, Maurizio},
  journal={J.~Stat.~Mech. 064002},
  volume={2016},
  number={6},
  year={2016},
  publisher={IOP Publishing}
}

@article{vznidarivc2008complexity,
  title = {Complexity of thermal states in quantum spin chains},
  author = {\ifmmode \check{Z}\else \v{Z}\fi{}nidari\ifmmode \check{c}\else \v{c}\fi{}, Marko and Prosen, Tomaz and Pi\ifmmode \check{z}\else \v{z}\fi{}orn, Iztok},
  journal = {Phys. Rev. A},
  volume = {78},
  issue = {2},
  pages = {022103},
  numpages = {5},
  year = {2008},
  month = {Aug},
  publisher = {American Physical Society},
  doi = {10.1103/PhysRevA.78.022103},
  url = {https://link.aps.org/doi/10.1103/PhysRevA.78.022103}
}

@article{dubail2017entanglement,
	doi = {10.1088/1751-8121/aa6f38},
	url = {https://doi.org/10.1088%2F1751-8121%2Faa6f38},
  title={Entanglement scaling of operators: a conformal field theory approach, with a glimpse of simulability of long-time dynamics in 1+ 1d},
  author={Dubail, J},
  journal={J.~Phys. A},
  volume={50},
  number={23},
  pages={234001},
  year={2017},
  publisher={IOP Publishing}
}

@article{molnar2015approximating,
  doi = {10.1103/PhysRevB.91.045138},
  url = {https://link.aps.org/doi/10.1103/PhysRevB.91.045138},
  title={Approximating Gibbs states of local Hamiltonians efficiently with projected entangled pair states},
  author={Molnar, Andras and Schuch, Norbert and Verstraete, Frank and Cirac, J Ignacio},
  journal={Phys. Rev. b},
  volume={91},
  number={4},
  pages={045138},
  year={2015},
  publisher={APS}
}

@article{nahum2018operator,
  title = {Operator Spreading in Random Unitary Circuits},
  author = {Nahum, Adam and Vijay, Sagar and Haah, Jeongwan},
  journal = {Phys. Rev. X},
  volume = {8},
  issue = {2},
  pages = {021014},
  numpages = {30},
  year = {2018},
  month = {Apr},
  publisher = {American Physical Society},
  doi = {10.1103/PhysRevX.8.021014},
  url = {https://link.aps.org/doi/10.1103/PhysRevX.8.021014}
}

@article{von2018operator,
  title = {Operator Hydrodynamics, OTOCs, and Entanglement Growth in Systems without Conservation Laws},
  author = {von Keyserlingk, C. W. and Rakovszky, Tibor and Pollmann, Frank and Sondhi, S. L.},
  journal = {Phys. Rev. X},
  volume = {8},
  issue = {2},
  pages = {021013},
  numpages = {19},
  year = {2018},
  month = {Apr},
  publisher = {American Physical Society},
  doi = {10.1103/PhysRevX.8.021013},
  url = {https://link.aps.org/doi/10.1103/PhysRevX.8.021013}
}

@article{leviatan2017quantum,
  cite={https://arxiv.org/abs/1702.08894},
  title={Quantum thermalization dynamics with matrix-product states},
  author={Leviatan, Eyal and Pollmann, Frank and Bardarson, Jens H and Huse, David A and Altman, Ehud},
  journal={ arXiv:1702.08894},
  year={2017}
}

@article{alba2018quantum,
url={https://arxiv.org/abs/1809.09119},
  title={Quantum information dynamics in multipartite integrable systems},
  author={Alba, Vincenzo and Calabrese, Pasquale},
  journal={ arXiv:1809.09119},
  year={2018}
}

@article{calabrese2005evolution,
    url = {https://doi.org/10.1088%2F1742-5468%2F2005%2F04%2Fp04010},
  title={Evolution of entanglement entropy in one-dimensional systems},
  author={Calabrese, Pasquale and Cardy, John},
  journal={J.~Stat.~Mech. P04010},
  volume={2005},
  number={04},
  year={2005},
  publisher={IOP Publishing}
}

@article{cc-04,
  author={Pasquale Calabrese and John Cardy},
  title={Entanglement entropy and quantum field theory},
  journal={J.~Stat.~Mech. P06002},
  number={06},
  url={http://stacks.iop.org/1742-5468/2004/i=06/a=P06002},
  year={2004}
  }

@Article{cc-09,
  author  = {Pasquale Calabrese and John Cardy},
  title   = {Entanglement entropy and conformal field theory},
  journal = {J.~Phys. A},
  year    = {2009},
  volume  = {42},
  number  = {50},
  pages   = {504005},
  url     = {http://stacks.iop.org/1751-8121/42/i=50/a=504005},
  doi={10.1088/1751-8113/42/50/504005}
}

@article{DCC,
  author={Cardy, J.L. and Castro-Alvaredo, O.A. and Doyon, B.},
  title={Form Factors of Branch-Point Twist Fields in Quantum Integrable Models and Entanglement Entropy},
  journal={J. Stat. Phys.},
  volume={130},
  number={1},
  pages={129-168},
  url={https://doi.org/10.1007/s10955-007-9422-x},
  doi={0.1007/s10955-007-9422-x},
  year={2008}
  }



@article{zanardi2001entanglement,
  title = {Entanglement of quantum evolutions},
  author = {Zanardi, Paolo},
  journal = {Phys. Rev. A},
  volume = {63},
  issue = {4},
  pages = {040304(R)},
  numpages = {4},
  year = {2001},
  month = {Mar},
  publisher = {American Physical Society},
  doi = {10.1103/PhysRevA.63.040304},
  url = {https://link.aps.org/doi/10.1103/PhysRevA.63.040304}
}

@article{prosen2007operator,
  title = {Operator space entanglement entropy in a transverse Ising chain},
  author = {Prosen, Tomaz and Pi\ifmmode \check{z}\else \v{z}\fi{}orn, Iztok},
  journal = {Phys. Rev. A},
  volume = {76},
  issue = {3},
  pages = {032316},
  numpages = {5},
  year = {2007},
  month = {Sep},
  publisher = {American Physical Society},
  doi = {10.1103/PhysRevA.76.032316},
  url = {https://link.aps.org/doi/10.1103/PhysRevA.76.032316}
}

@article{pizorn2009operator,
  title = {Operator space entanglement entropy in $XY$ spin chains},
  author = {Pi\ifmmode \check{z}\else \v{z}\fi{}orn, Iztok and Prosen, Tomaz}},
  journal = {Phys. Rev. B},
  volume = {79},
  issue = {18},
  pages = {184416},
  numpages = {4},
  year = {2009},
  month = {May},
  publisher = {American Physical Society},
  doi = {10.1103/PhysRevB.79.184416},
  url = {https://link.aps.org/doi/10.1103/PhysRevB.79.184416}
}

@article{hartmann2009density,
  title = {Density Matrix Renormalization Group in the Heisenberg Picture},
  author = {Hartmann, Michael J. and Prior, Javier and Clark, Stephen R. and Plenio, Martin B.},
  journal = {Phys. Rev. Lett.},
  volume = {102},
  issue = {5},
  pages = {057202},
  numpages = {4},
  year = {2009},
  month = {Feb},
  publisher = {American Physical Society},
  doi = {10.1103/PhysRevLett.102.057202},
  url = {https://link.aps.org/doi/10.1103/PhysRevLett.102.057202}
}

@article{verstraete2004matrix,
  title = {Matrix Product Density Operators: Simulation of Finite-Temperature and Dissipative Systems},
  author = {Verstraete, F. and Garc\'{\i}a-Ripoll, J. J. and Cirac, J. I.},
  journal = {Phys. Rev. Lett.},
  volume = {93},
  issue = {20},
  pages = {207204},
  numpages = {4},
  year = {2004},
  month = {Nov},
  publisher = {American Physical Society},
  doi = {10.1103/PhysRevLett.93.207204},
  url = {https://link.aps.org/doi/10.1103/PhysRevLett.93.207204}
}

@article{muth2011dynamical,
  title = {Dynamical Simulation of Integrable and Nonintegrable Models in the Heisenberg Picture},
  author = {Muth, Dominik and Unanyan, Razmik G. and Fleischhauer, Michael},
  journal = {Phys. Rev. Lett.},
  volume = {106},
  issue = {7},
  pages = {077202},
  numpages = {4},
  year = {2011},
  month = {Feb},
  publisher = {American Physical Society},
  doi = {10.1103/PhysRevLett.106.077202},
  url = {https://link.aps.org/doi/10.1103/PhysRevLett.106.077202}
}

@article{zhou2017operator,
  title = {Operator entanglement entropy of the time evolution operator in chaotic systems},
  author = {Zhou, Tianci and Luitz, David J.},
  journal = {Phys. Rev. B},
  volume = {95},
  issue = {9},
  pages = {094206},
  numpages = {15},
  year = {2017},
  month = {Mar},
  publisher = {American Physical Society},
  doi = {10.1103/PhysRevB.95.094206},
  url = {https://link.aps.org/doi/10.1103/PhysRevB.95.094206}
}

@article{jonay2018coarse,
  url={https://arxiv.org/abs/1803.00089},
  title={Coarse-grained dynamics of operator and state entanglement},
  author={Jonay, Cheryne and Huse, David A and Nahum, Adam},
  journal={ arXiv:1803.00089},
  year={2018}
}

@article{xu2018accessing,
url={https://arxiv.org/abs/1802.00801},
  title={Accessing scrambling using matrix product operators},
  author={Xu, Shenglong and Swingle, Brian},
  journal={ arXiv:1802.00801},
  year={2018}
}

@article{zwolak2004mixed,
doi = {10.1103/PhysRevLett.93.207205},
  url = {https://link.aps.org/doi/10.1103/PhysRevLett.93.207205},
  title={Mixed-state dynamics in one-dimensional quantum lattice systems: a time-dependent superoperator renormalization algorithm},
  author={Zwolak, Michael and Vidal, Guifr{\'e}},
  journal={Phys. Rev. Lett.},
  volume={93},
  number={20},
  pages={207205},
  year={2004},
  publisher={APS}
}

@article{van2018entanglement,
  title = {Entanglement spectrum of mixed states},
  author = {van Nieuwenburg, Evert and Zilberberg, Oded},
  journal = {Phys. Rev. A},
  volume = {98},
  issue = {1},
  pages = {012327},
  numpages = {8},
  year = {2018},
  month = {Jul},
  publisher = {American Physical Society},
  doi = {10.1103/PhysRevA.98.012327},
  url = {https://link.aps.org/doi/10.1103/PhysRevA.98.012327}
}

@article{pal2018entangling,
  title = {Entangling power of time-evolution operators in integrable and nonintegrable many-body systems},
  author = {Pal, Rajarshi and Lakshminarayan, Arul},
  journal = {Phys. Rev. B},
  volume = {98},
  issue = {17},
  pages = {174304},
  numpages = {13},
  year = {2018},
  month = {Nov},
  publisher = {American Physical Society},
  doi = {10.1103/PhysRevB.98.174304},
  url = {https://link.aps.org/doi/10.1103/PhysRevB.98.174304}
}

@article{wolfram1983statistical,
  title = {Statistical mechanics of cellular automata},
  author = {Wolfram, Stephen},
  journal = {Rev. Mod. Phys.},
  volume = {55},
  issue = {3},
  pages = {601--644},
  numpages = {0},
  year = {1983},
  month = {Jul},
  publisher = {American Physical Society},
  doi = {10.1103/RevModPhys.55.601},
  url = {https://link.aps.org/doi/10.1103/RevModPhys.55.601}
}

@article{prosen2016integrability,
	doi = {10.1088/1751-8113/49/18/185003},
	url = {https://doi.org/10.1088%2F1751-8113%2F49%2F18%2F185003},
	year = 2016,
	month = {apr},
	publisher = {{IOP} Publishing},
	volume = {49},
	number = {18},
	pages = {185003},
	author = {Toma{\v{z}} Prosen and Carlos Mej{\'{\i}}a-Monasterio},
	title = {Integrability of a deterministic cellular automaton driven by stochastic boundaries},
	journal = {J.~Phys. A},
	abstract = {We propose an interacting many-body space–time-discrete Markov chain model, which is composed of an integrable deterministic and reversible cellular automaton (rule 54 of Bobenko et al 1993 Commun. Math. Phys. 
158 127) on a finite one-dimensional lattice , and local stochastic Markov chains at the two lattice boundaries which provide chemical baths for absorbing or emitting the solitons. Ergodicity and mixing of this many-body Markov chain is proven for generic values of bath parameters, implying the existence of a unique nonequilibrium steady state. The latter is constructed exactly and explicitly in terms of a particularly simple form of matrix product ansatz which is termed a patch ansatz. This gives rise to an explicit computation of observables and k-point correlations in the steady state as well as the construction of a nontrivial set of local conservation laws. The feasibility of an exact solution for the full spectrum and eigenvectors (decay modes) of the Markov matrix is suggested as well. We conjecture that our ideas can pave the road towards a theory of integrability of boundary driven classical deterministic lattice systems.}
}

@article{prosen2017exact,
	doi = {10.1088/1751-8121/aa85a3},
	url = {https://doi.org/10.1088%2F1751-8121%2Faa85a3},
	year = 2017,
	month = {sep},
	publisher = {{IOP} Publishing},
	volume = {50},
	number = {39},
	pages = {395002},
	author = {Toma{\v{z}} Prosen and Berislav Bu{\v{c}}a},
	title = {Exact matrix product decay modes of a boundary driven cellular automaton},
	journal = {J.~Phys. A},
	abstract = {We study integrability properties of a reversible deterministic cellular automaton (Rule 54 of (Bobenko et al 1993 Commun. Math. Phys. 158 127)) and present a bulk algebraic relation and its inhomogeneous extension which allow for an explicit construction of Liouvillian decay modes for two distinct families of stochastic boundary driving. The spectrum of the many-body stochastic matrix defining the time propagation is found to separate into sets, which we call orbitals, and the eigenvalues in each orbital are found to obey a distinct set of Bethe-like equations. We construct the decay modes in the first orbital (containing the leading decay mode) in terms of an exact inhomogeneous matrix product ansatz, study the thermodynamic properties of the spectrum and the scaling of its gap, and provide a conjecture for the Bethe-like equations for all the orbitals and their degeneracy.}
}

@article{rowlands2018noisy,
  title = {Noisy coupled qubits: Operator spreading and the Fredrickson-Andersen model},
  author = {Rowlands, Daniel A. and Lamacraft, Austen},
  journal = {Phys. Rev. B},
  volume = {98},
  issue = {19},
  pages = {195125},
  numpages = {11},
  year = {2018},
  month = {Nov},
  publisher = {American Physical Society},
  doi = {10.1103/PhysRevB.98.195125},
  url = {https://link.aps.org/doi/10.1103/PhysRevB.98.195125}
}

@article{dubail2017conformal,
url={https://arxiv.org/abs/1606.04401},
  title={Conformal field theory for inhomogeneous one-dimensional quantum systems: the example of non-interacting Fermi gases},
  author={Dubail, J{\'e}r{\^o}me and St{\'e}phan, Jean-Marie and Viti, Jacopo and Calabrese, Pasquale},
  journal={SciPost Phys.},
  volume={2},
  number={1},
  pages={002},
  year={2017}
}

@article{takayanagi2018holographic,
url={https://arxiv.org/abs/1808.09072},
  title={Holographic spacetimes as quantum circuits of path-integrations},
  author={Takayanagi, Tadashi},
  journal={ arXiv:1808.09072},
  year={2018}
}

@article{doyon2017large,
  title={Large-scale description of interacting one-dimensional Bose gases: generalized hydrodynamics supersedes conventional hydrodynamics},
  author={Doyon, Benjamin and Dubail, J{\'e}r{\^o}me and Konik, Robert and Yoshimura, Takato},
  journal={Phys. Rev. Lett.},
  volume={119},
  number={19},
  pages={195301},
  year={2017},
  publisher={APS},
    doi = {10.1103/PhysRevLett.119.195301},
  url = {https://link.aps.org/doi/10.1103/PhysRevLett.119.195301}
}

@article{doyon2017note,
  title={A note on generalized hydrodynamics: inhomogeneous fields and other concepts},
  author={Doyon, Benjamin and Yoshimura, Takato},
  journal={SciPost Phys.},
  volume={2},
  number={2},
  pages={014},
  year={2017},
  	doi={10.21468/SciPostPhys.2.2.014},
	url={https://scipost.org/10.21468/SciPostPhys.2.2.014},
}

@article{fokkema2014split,
  title={Split Fermi seas in one-dimensional Bose fluids},
  author={Fokkema, T and Eli{\"e}ns, IS and Caux, J-S},
  journal={Phys. Rev. A},
  volume={89},
  number={3},
  pages={033637},
  year={2014},
  publisher={APS},
    doi = {10.1103/PhysRevA.89.033637},
  url = {https://link.aps.org/doi/10.1103/PhysRevA.89.033637}
}

@article{eliens2016general,
  title={General finite-size effects for zero-entropy states in one-dimensional quantum integrable models},
  author={Eli{\"e}ns, Sebas and Caux, Jean-S{\'e}bastien},
  journal={J.~Phys. A},
  volume={49},
  number={49},
  pages={495203},
  year={2016},
  publisher={IOP Publishing},
  url={https://iopscience.iop.org/article/10.1088/1751-8113/49/49/495203}
}

@article{vlijm2016correlations,
  title={Correlations of zero-entropy critical states in the XXZ model: integrability and Luttinger theory far from the ground state},
  author={Vlijm, Rogier and Eliens, Sebas and Caux, Jean-S{\'e}bastien},
  journal={SciPost Phys.},
  volume={1},
  number={1},
  pages={008},
  year={2016},
  doi={10.21468/SciPostPhys.1.1.008},
   url={https://scipost.org/10.21468/SciPostPhys.1.1.008}
}

@phdthesis{eliens2017quantum,
  title={On quantum seas},
  author={Eli{\"e}ns, Ian Sebastiaan},
  year={2017}
}

@article{haldane1981luttinger,
  title={'Luttinger liquid theory'of one-dimensional quantum fluids. I. Properties of the Luttinger model and their extension to the general 1D interacting spinless Fermi gas},
  author={Haldane, FDM},
  journal={J.~Phys. C},
  volume={14},
  number={19},
  pages={2585},
  year={1981},
  publisher={IOP Publishing},
  url={https://iopscience.iop.org/article/10.1088/0022-3719/14/19/010}
}

@article{kinoshita2006quantum,
  title={A quantum Newton's cradle},
  author={Kinoshita, Toshiya and Wenger, Trevor and Weiss, David S},
  journal={Nature},
  volume={440},
  number={7086},
  pages={900},
  year={2006},
  publisher={Nature Publishing Group},
  url={https://www.nature.com/articles/nature04693}
}

@article{van2008yang,
  title={Yang-Yang thermodynamics on an atom chip},
  author={Van Amerongen, AH and Van Es, JJP and Wicke, P and Kheruntsyan, KV and Van Druten, NJ},
  journal={Phys. Rev. Lett.},
  volume={100},
  number={9},
  pages={090402},
  year={2008},
  publisher={APS},
    doi = {10.1103/PhysRevLett.100.090402},
  url = {https://link.aps.org/doi/10.1103/PhysRevLett.100.090402}
}

@article{vogler2013thermodynamics,
  title={Thermodynamics of strongly correlated one-dimensional Bose gases},
  author={Vogler, Andreas and Labouvie, Ralf and Stubenrauch, Felix and Barontini, Giovanni and Guarrera, Vera and Ott, Herwig},
  journal={Phys. Rev. A},
  volume={88},
  number={3},
  pages={031603},
  year={2013},
  publisher={APS},
    doi = {10.1103/PhysRevA.88.031603},
  url = {https://link.aps.org/doi/10.1103/PhysRevA.88.031603}
}

@article{schemmer2019generalized,
  title={Generalized hydrodynamics on an atom chip},
  author={Schemmer, Maximilian and Bouchoule, Isabelle and Doyon, Benjamin and Dubail, J{\'e}r{\^o}me},
  journal={Phys. Rev. Lett.},
  volume={122},
  number={9},
  pages={090601},
  year={2019},
  publisher={APS},
    doi = {10.1103/PhysRevLett.122.090601},
  url = {https://link.aps.org/doi/10.1103/PhysRevLett.122.090601}
}

@article{wilson2019observation,
  title={Observation of Dynamical Fermionization},
  author={Wilson, Joshua M and Malvania, Neel and Le, Yuan and Zhang, Yicheng and Rigol, Marcos and Weiss, David S},
  journal={ arXiv:1908.05364},
  year={2019},
  url={https://arxiv.org/abs/1908.05364}
}

@incollection{abanov2006hydrodynamics,
  title={Hydrodynamics of correlated systems},
  author={Abanov, Alexander G},
  booktitle={Applications of Random Matrices in Physics},
  pages={139--161},
  year={2006},
  publisher={Springer}
}

@article{gangardt2003stability,
  title={Stability and phase coherence of trapped 1D Bose gases},
  author={Gangardt, DM and Shlyapnikov, GV},
  journal={Physical review letters},
  volume={90},
  number={1},
  pages={010401},
  year={2003},
  publisher={APS}
}

@article{bonnes2014light,
  title={“Light-Cone” Dynamics After Quantum Quenches in Spin Chains},
  author={Bonnes, Lars and Essler, Fabian HL and L{\"a}uchli, Andreas M},
  journal={Phys. Rev. Lett.},
  volume={113},
  number={18},
  pages={187203},
  year={2014},
  publisher={APS},
    doi = {10.1103/PhysRevLett.113.187203},
  url = {https://link.aps.org/doi/10.1103/PhysRevLett.113.187203}
}

@article{AlCal,
	author = {Alba, Vincenzo and Calabrese, Pasquale},
	title = {Entanglement and thermodynamics after a quantum quench in integrable systems},
	volume = {114},
	number = {30},
	pages = {7947--7951},
	year = {2017},
	doi = {10.1073/pnas.1703516114},
	publisher = {National Academy of Sciences},
	issn = {0027-8424},
	URL = {https://www.pnas.org/content/114/30/7947},
	eprint = {https://www.pnas.org/content/114/30/7947.full.pdf},
	journal = {Proceedings of the National Academy of Sciences}
}
@article{AlCal-1,
	title={Entanglement dynamics after quantum quenches in generic integrable  systems},
	author={Vincenzo Alba and Pasquale Calabrese},
	journal={SciPost Phys..},
	volume={4},
	issue={3},
	pages={17},
	year={2018},
	publisher={SciPost},
	doi={10.21468/SciPostPhys.4.3.017},
	url={https://scipost.org/10.21468/SciPostPhys.4.3.017},
}

@article{FagCal,
  title = {Evolution of entanglement entropy following a quantum quench: Analytic results for the $XY$ chain in a transverse magnetic field},
  author = {Fagotti, Maurizio and Calabrese, Pasquale},
  journal = {Phys. Rev. A},
  volume = {78},
  issue = {1},
  pages = {010306},
  numpages = {4},
  year = {2008},
  month = {Jul},
  publisher = {American Physical Society},
  doi = {10.1103/PhysRevA.78.010306},
  url = {https://link.aps.org/doi/10.1103/PhysRevA.78.010306}
}


@article{boldrighini1983one,
author="Boldrighini, C.
and Dobrushin, R. L.
and Sukhov, Yu. M.",
title="One-dimensional hard rod caricature of hydrodynamics",
journal="J.~Stat.~Phys.",
year="1983",
month="Jun",
day="01",
volume="31",
number="3",
pages="577--616",
abstract="We give here a rigorous deduction of the ``hydrodynamic'' equation which holds in the hydrodynamic limit, for a model system of one-dimensional identical hard rods interacting through elastic collisions. The equation should be considered as the analog of the Euler equation of real hydrodynamics. Owing to the degeneracy of the model, it is written in terms of a functiong(q, v, t) expressing the density of particles with velocityv at the pointq at timet. For this equation we prove an existence and uniqueness theorem in some natural class of functions. Our main result is the proof that if {\{}∈, ∈ >0{\}} is a class of initial states which are homogeneous on a scale much less than $\epsilon$−1, and if the corresponding particle densities tend, as$\epsilon${\textrightarrow}0, in the proper scale, to the initial hydrodynamic densitygo(q,v), then, under some general assumptions on the states ∈− and ong0, the particle densities of the evolved states at time$\epsilon$−1t, tend as$\epsilon${\textrightarrow}0 to the unique solution of the hydrodynamic equation with initial conditiong0. The proof is completed by exhibiting a large class of initial families {\{}∈, ∈ >0{\}} which possess the required properties.",
issn="1572-9613",
doi="10.1007/BF01019499",
url="https://doi.org/10.1007/BF01019499"
}

@article{vu2019equations,
      author         = "Vu, Dinh-Long and Yoshimura, Takato",
      title          = "{Equations of state in generalized hydrodynamics}",
      journal        = "SciPost Phys.",
      volume         = "6",
      year           = "2019",
      number         = "2",
      pages          = "023",
      doi            = "10.21468/SciPostPhys.6.2.023",
      primaryClass   = "cond-mat.stat-mech",
      url={https://arxiv.org/abs/1809.03197}
}

@article{imambekov2009universal,
  title={Universal theory of nonlinear Luttinger liquids},
  author={Imambekov, Adilet and Glazman, Leonid I},
  journal={Science},
  volume={323},
  number={5911},
  pages={228--231},
  year={2009},
  publisher={American Association for the Advancement of Science}
}

@article{abanov2005quantum,
  title={Quantum hydrodynamics, the quantum Benjamin-Ono equation, and the Calogero model},
  author={Abanov, Alexander G and Wiegmann, Paul B},
  journal={Physical review letters},
  volume={95},
  number={7},
  pages={076402},
  year={2005},
  publisher={APS}
}

@article{bettelheim2008quantum,
  title={Quantum hydrodynamics and nonlinear differential equations for degenerate Fermi gas},
  author={Bettelheim, Eldad and Abanov, Alexander G and Wiegmann, Paul B},
  journal={Journal of Physics A: Mathematical and Theoretical},
  volume={41},
  number={39},
  pages={392003},
  year={2008},
  publisher={IOP Publishing}
}

@article{stone2008classical,
  title={The classical hydrodynamics of the Calogero--Sutherland model},
  author={Stone, Michael and Anduaga, Inaki and Xing, Lei},
  journal={Journal of Physics A: Mathematical and Theoretical},
  volume={41},
  number={27},
  pages={275401},
  year={2008},
  publisher={IOP Publishing}
}

@article{kulkarni2009nonlinear,
  title={Nonlinear dynamics of spin and charge in spin-Calogero model},
  author={Kulkarni, Manas and Franchini, Fabio and Abanov, Alexander G},
  journal={Physical Review B},
  volume={80},
  number={16},
  pages={165105},
  year={2009},
  publisher={APS}
}

@article{joseph2011observation,
  title={Observation of shock waves in a strongly interacting fermi gas},
  author={Joseph, JA and Thomas, John E and Kulkarni, Manas and Abanov, Alexander G},
  journal={Physical review letters},
  volume={106},
  number={15},
  pages={150401},
  year={2011},
  publisher={APS}
}

@article{schmidt2007exact,
  title={Exact numerical simulations of a one-dimensional trapped Bose gas},
  author={Schmidt, Bernd and Fleischhauer, Michael},
  journal={Physical Review A},
  volume={75},
  number={2},
  pages={021601},
  year={2007},
  publisher={APS}
}

@article{peotta2014quantum,
  title={Quantum shock waves and population inversion in collisions of ultracold atomic clouds},
  author={Peotta, Sebastiano and Di Ventra, Massimiliano},
  journal={Physical Review A},
  volume={89},
  number={1},
  pages={013621},
  year={2014},
  publisher={APS}
}

@article{cheianov2006exact,
  title={Exact results for three-body correlations in a degenerate one-dimensional Bose gas},
  author={Cheianov, Vadim V and Smith, Henrik and Zvonarev, MB},
  journal={Physical Review A},
  volume={73},
  number={5},
  pages={051604},
  year={2006},
  publisher={APS}
}

@article{cheianov2006three,
  title={Three-body local correlation function in the Lieb--Liniger model: bosonization approach},
  author={Cheianov, Vadim V and Smith, Henrik and Zvonarev, MB},
  journal={Journal of Statistical Mechanics: Theory and Experiment},
  volume={2006},
  number={08},
  pages={P08015},
  year={2006},
  publisher={IOP Publishing}
}

@article{kormos2011exact,
  title={Exact three-body local correlations for excited states of the 1D Bose gas},
  author={Kormos, M{\'a}rton and Chou, Yang-Zhi and Imambekov, Adilet},
  journal={Physical review letters},
  volume={107},
  number={23},
  pages={230405},
  year={2011},
  publisher={APS}
}

@article{bastianello2018exact,
  title={Exact local correlations and full counting statistics for arbitrary states of the one-dimensional interacting Bose gas},
  author={Bastianello, Alvise and Piroli, Lorenzo and Calabrese, Pasquale},
  journal={Physical review letters},
  volume={120},
  number={19},
  pages={190601},
  year={2018},
  publisher={APS}
}

@article{piroli2015exact,
  title={Exact formulas for the form factors of local operators in the Lieb--Liniger model},
  author={Piroli, Lorenzo and Calabrese, Pasquale},
  journal={Journal of Physics A: Mathematical and Theoretical},
  volume={48},
  number={45},
  pages={454002},
  year={2015},
  publisher={IOP Publishing}
}

@article{bolech2012long,
  title={Long-time behavior of the momentum distribution during the sudden expansion of a spin-imbalanced Fermi gas in one dimension},
  author={Bolech, CJ and Heidrich-Meisner, F and Langer, S and McCulloch, IP and Orso, G and Rigol, M},
  journal={Physical review letters},
  volume={109},
  number={11},
  pages={110602},
  year={2012},
  publisher={APS}
}

@article{bastianello2020generalised,
  title={Generalised hydrodynamics with dephasing noise},
  author={Bastianello, Alvise and De Nardis, Jacopo and De Luca, Andrea},
  journal={arXiv preprint arXiv:2003.01702},
  year={2020}
}

@article{friedman2019diffusive,
  title={Diffusive hydrodynamics from integrability breaking},
  author={Friedman, Aaron J and Gopalakrishnan, Sarang and Vasseur, Romain},
  journal={arXiv preprint arXiv:1912.08826},
  year={2019}
}

@article{kheruntsyan2003pair,
  title={Pair correlations in a finite-temperature 1D Bose gas},
  author={Kheruntsyan, KV and Gangardt, DM and Drummond, PD and Shlyapnikov, GV},
  journal={Physical review letters},
  volume={91},
  number={4},
  pages={040403},
  year={2003},
  publisher={APS}
}

@article{gangardt2003local,
  title={Local correlations in a strongly interacting one-dimensional Bose gas},
  author={Gangardt, DM and Shlyapnikov, GV},
  journal={New Journal of Physics},
  volume={5},
  number={1},
  pages={79},
  year={2003},
  publisher={IOP Publishing}
}

@article{davies2011higher,
  title={Higher conservation laws for the quantum non-linear Schr{\"o}dinger equation},
  author={Davies, Brian and Korepin, Vladimir E},
  journal={arXiv preprint arXiv:1109.6604},
  year={2011}
}

@article{davies1990higher,
  title={Higher conservation laws for the quantum non-linear Schr{\"o}dinger equation},
  author={Davies, B},
  journal={Physica A: Statistical Mechanics and its Applications},
  volume={167},
  number={2},
  pages={433--456},
  year={1990},
  publisher={Elsevier}
}

@article{borsi2020current,
  title={Current operators in Bethe ansatz and generalized hydrodynamics: An exact quantum-classical correspondence},
  author={Borsi, M{\'a}rton and Pozsgay, Bal{\'a}zs and Pristy{\'a}k, Levente},
  journal={Physical Review X},
  volume={10},
  number={1},
  pages={011054},
  year={2020},
  publisher={APS}
}

@article{pozsgay2020current,
  title={Current operators in integrable spin chains: lessons from long range deformations},
  author={Pozsgay, Bal{\'a}zs},
  journal={SciPost Phys},
  volume={8},
  number={016},
  pages={1910--12833},
  year={2020}
}

@article{pozsgay2020algebraic,
  title={Algebraic construction of current operators in integrable spin chains},
  author={Pozsgay, Bal{\'a}zs},
  journal={Physical Review Letters},
  volume={125},
  number={7},
  pages={070602},
  year={2020},
  publisher={APS}
}

@article{boldrighini1997one,
  title={One-Dimensional Hard-Rod Caricature of Hydrodynamics:“Navier--Stokes Correction” for Local Equilibrium Initial States},
  author={Boldrighini, C and Suhov, Yu M},
  journal={Communications in mathematical physics},
  volume={189},
  number={2},
  pages={577--590},
  year={1997},
  publisher={Springer}
}

@book{spohn2012large,
  title={Large scale dynamics of interacting particles},
  author={Spohn, Herbert},
  year={2012},
  publisher={Springer Science \& Business Media}
}

@article{aizenman1975ergodic,
  title={Ergodic properties of an infinite one dimensional hard rod system},
  author={Aizenman, Michael and Goldstein, Sheldon and Lebowitz, Joel L},
  journal={Communications in Mathematical Physics},
  volume={39},
  number={4},
  pages={289--301},
  year={1975},
  publisher={Springer}
}

@article{percus1976equilibrium,
  title={Equilibrium state of a classical fluid of hard rods in an external field},
  author={Percus, JK},
  journal={Journal of Statistical Physics},
  volume={15},
  number={6},
  pages={505--511},
  year={1976},
  publisher={Springer}
}

@article{lebowitz1967kinetic,
  title={Kinetic equations and density expansions: exactly solvable one-dimensional system},
  author={Lebowitz, JL and Percus, JK},
  journal={Physical Review},
  volume={155},
  number={1},
  pages={122},
  year={1967},
  publisher={APS}
}

@article{dubail2016more,
  title={A more efficient way to describe interacting quantum particles in 1D},
  author={Dubail, J{\'e}r{\^o}me},
  journal={Physics},
  volume={9},
  pages={153},
  year={2016},
  publisher={APS}
}

@article{de2019diffusion,
  title={Diffusion in generalized hydrodynamics and quasiparticle scattering},
  author={De Nardis, Jacopo and Bernard, Denis and Doyon, Benjamin},
  journal={SciPost Phys.},
  volume={6},
  number={4},
  pages={049},
  year={2019}
}

@article{cubero2020generalized,
  title={How generalized hydrodynamics time evolution arises from a form factor expansion},
  author={Cubero, Axel Cort{\'e}s},
  journal={arXiv preprint arXiv:2001.03065},
  year={2020}
}

@article{cubero2019generalized,
  title={Generalized hydrodynamics regime from the thermodynamic bootstrap program},
  author={Cubero, A Cortes and Panfil, Mi{\l}osz},
  journal={SciPost Phys},
  volume={8},
  number={004},
  year={2020}
}

@article{stringari1996collective,
  title={Collective excitations of a trapped Bose-condensed gas},
  author={Stringari, Sandro},
  journal={Physical review letters},
  volume={77},
  number={12},
  pages={2360},
  year={1996},
  publisher={APS}
}

@article{stringari1998dynamics,
  title={Dynamics of Bose-Einstein condensed gases in highly deformed traps},
  author={Stringari, S},
  journal={Physical Review A},
  volume={58},
  number={3},
  pages={2385},
  year={1998},
  publisher={APS}
}

@article{menotti2002collective,
  title={Collective oscillations of a one-dimensional trapped Bose-Einstein gas},
  author={Menotti, Chiara and Stringari, Sandro},
  journal={Physical Review A},
  volume={66},
  number={4},
  pages={043610},
  year={2002},
  publisher={APS}
}

@article{cazalilla2011one,
  title={One dimensional bosons: From condensed matter systems to ultracold gases},
  author={Cazalilla, MA and Citro, Roberta and Giamarchi, Thierry and Orignac, Edmond and Rigol, Marcos},
  journal={Reviews of Modern Physics},
  volume={83},
  number={4},
  pages={1405},
  year={2011},
  publisher={APS}
}

@article{ohberg2002dynamical,
  title={Dynamical transition from a quasi-one-dimensional Bose-Einstein condensate to a Tonks-Girardeau gas},
  author={{\"O}hberg, P and Santos, L},
  journal={Physical review letters},
  volume={89},
  number={24},
  pages={240402},
  year={2002},
  publisher={APS}
}

@article{pedri2003violation,
  title={Violation of self-similarity in the expansion of a one-dimensional Bose gas},
  author={Pedri, P and Santos, L and {\"O}hberg, P and Stringari, S},
  journal={Physical Review A},
  volume={68},
  number={4},
  pages={043601},
  year={2003},
  publisher={APS}
}

@article{bouchoule2016finite,
  title={Finite-temperature hydrodynamics for one-dimensional Bose gases: Breathing-mode oscillations as a case study},
  author={Bouchoule, Isabelle and Szigeti, SS and Davis, MJ and Kheruntsyan, KV},
  journal={Physical Review A},
  volume={94},
  number={5},
  pages={051602},
  year={2016},
  publisher={APS}
}

@article{kolomeisky2000low,
  title={Low-dimensional Bose liquids: beyond the Gross-Pitaevskii approximation},
  author={Kolomeisky, Eugene B and Newman, TJ and Straley, Joseph P and Qi, Xiaoya},
  journal={Physical Review Letters},
  volume={85},
  number={6},
  pages={1146},
  year={2000},
  publisher={APS}
}

@article{damski2006shock,
  title={Shock waves in a one-dimensional Bose gas: From a Bose-Einstein condensate to a Tonks gas},
  author={Damski, Bogdan},
  journal={Physical Review A},
  volume={73},
  number={4},
  pages={043601},
  year={2006},
  publisher={APS}
}

@article{sarishvili2016pulse,
  title={Pulse propagation in the interacting one-dimensional Bose liquid},
  author={Sarishvili, AD and Protopopov, IV and Gutman, DB},
  journal={Physical Review B},
  volume={94},
  number={4},
  pages={045110},
  year={2016},
  publisher={APS}
}

@article{bulchandani2017solvable,
  title={Solvable hydrodynamics of quantum integrable systems},
  author={Bulchandani, Vir B and Vasseur, Romain and Karrasch, Christoph and Moore, Joel E},
  journal={Physical review letters},
  volume={119},
  number={22},
  pages={220604},
  year={2017},
  publisher={APS}
}

@article{moller2020introducing,
  title={Introducing iFluid: a numerical framework for solving hydrodynamical equations in integrable models},
  author={M{\o}ller, Frederik Skovbo and Schmiedmayer, J{\"o}rg},
  journal={SciPost Phys},
  volume={8},
  pages={041},
  year={2020}
}

@article{de2018edge,
  title={Edge singularities and quasilong-range order in nonequilibrium steady states},
  author={De Nardis, Jacopo and Panfil, Mi{\l}osz},
  journal={Physical review letters},
  volume={120},
  number={21},
  pages={217206},
  year={2018},
  publisher={APS}
}

@article{van2016separation,
  title={Separation of time scales in a quantum Newton’s cradle},
  author={Van den Berg, R and Wouters, B and Eli{\"e}ns, S and De Nardis, J and Konik, RM and Caux, J-S},
  journal={Physical review letters},
  volume={116},
  number={22},
  pages={225302},
  year={2016},
  publisher={APS}
}

@article{bastianello2017quenches,
  title={Quenches from bosonic Gaussian initial states to the Tonks-Girardeau limit: Stationary states and effects of a confining potential},
  author={Bastianello, Alvise and Collura, Mario and Sotiriadis, Spyros},
  journal={Physical Review B},
  volume={95},
  number={17},
  pages={174303},
  year={2017},
  publisher={APS}
}

@article{medenjak2020diffusion,
	title={{Diffusion from Convection}},
	author={Marko Medenjak and Jacopo De Nardis and Takato Yoshimura},
	journal={SciPost Phys.},
	volume={9},
	issue={5},
	pages={75},
	year={2020},
	publisher={SciPost},
	doi={10.21468/SciPostPhys.9.5.075},
	url={https://scipost.org/10.21468/SciPostPhys.9.5.075},
}

@article{dubessy2021universal,
  title={Universal shock-wave propagation in one-dimensional Bose fluids},
  author={Dubessy, Romain and Polo, Juan and Perrin, H{\'e}l{\`e}ne and Minguzzi, Anna and Olshanii, Maxim},
  journal={Physical Review Research},
  volume={3},
  number={1},
  pages={013098},
  year={2021},
  publisher={APS}
}

@article{malvania2020generalized,
  title={Generalized hydrodynamics in strongly interacting 1D Bose gases},
  author={Malvania, Neel and Zhang, Yicheng and Le, Yuan and Dubail, Jerome and Rigol, Marcos and Weiss, David S},
  journal={Science},
  volume={373},
  number={6559},
  pages={1129--1133},
  year={2021},
  publisher={American Association for the Advancement of Science}
}

@article{doyon2019lecture,
  title={Lecture notes on generalised hydrodynamics},
  author={Doyon, Benjamin},
  journal={arXiv preprint arXiv:1912.08496},
  year={2019}
}

@article{love1949electrostatic,
  title={The electrostatic field of two equal circular co-axial conducting disks},
  author={Love, ER},
  journal={The Quarterly Journal of Mechanics and Applied Mathematics},
  volume={2},
  number={4},
  pages={428--451},
  year={1949},
  publisher={Oxford University Press}
}

@article{marino2019exact,
  title={Exact perturbative results for the Lieb--Liniger and Gaudin--Yang models},
  author={Marino, Marcos and Reis, Tom{\'a}s},
  journal={Journal of Statistical Physics},
  volume={177},
  number={6},
  pages={1148--1156},
  year={2019},
  publisher={Springer}
}

@book{reichel2011atom,
  title={Atom chips},
  author={Reichel, Jakob and Vuletic, Vladan},
  year={2011},
  publisher={John Wiley \& Sons}
}

@article{prolhac2017ground,
  title={Ground state energy of the $\delta$-Bose and Fermi gas at weak coupling from double extrapolation},
  author={Prolhac, Sylvain},
  journal={Journal of Physics A: Mathematical and Theoretical},
  volume={50},
  number={14},
  pages={144001},
  year={2017},
  publisher={IOP Publishing}
}

@article{takahashi1975validity,
  title={On the validity of collective variable description of Bose systems},
  author={Takahashi, Minoru},
  journal={Progress of Theoretical Physics},
  volume={53},
  number={2},
  pages={386--399},
  year={1975},
  publisher={Oxford University Press}
}

@article{popov1977theory,
  title={Theory of one-dimensional Bose gas with point interaction},
  author={Popov, Viktor Nikolaevich},
  journal={Teoreticheskaya i Matematicheskaya Fizika},
  volume={30},
  number={3},
  pages={346--352},
  year={1977},
  publisher={Russian Academy of Sciences, Steklov Mathematical Institute of Russian~…}
}

@article{lang2017ground,
  title={Ground-state energy and excitation spectrum of the Lieb-Liniger model: accurate analytical results and conjectures about the exact solution},
  author={Lang, Guillaume and Hekking, Frank and Minguzzi, Anna},
  journal={SciPost Phys},
  volume={3},
  number={003},
  year={2017}
}

@article{cassidy2011generalized,
  title={Generalized thermalization in an integrable lattice system},
  author={Cassidy, Amy C and Clark, Charles W and Rigol, Marcos},
  journal={Physical review letters},
  volume={106},
  number={14},
  pages={140405},
  year={2011},
  publisher={APS}
}

@article{he2013single,
  title={Single-particle and many-body analyses of a quasiperiodic integrable system after a quench},
  author={He, Kai and Santos, Lea F and Wright, Tod M and Rigol, Marcos},
  journal={Physical Review A},
  volume={87},
  number={6},
  pages={063637},
  year={2013},
  publisher={APS}
}

@article{vidmar2016generalized,
  title={Generalized Gibbs ensemble in integrable lattice models},
  author={Vidmar, Lev and Rigol, Marcos},
  journal={Journal of Statistical Mechanics: Theory and Experiment},
  volume={2016},
  number={6},
  pages={064007},
  year={2016},
  publisher={IOP Publishing}
}

@article{pozsgay2014failure,
  title={Failure of the generalized eigenstate thermalization hypothesis in integrable models with multiple particle species},
  author={Pozsgay, Bal{\'a}zs},
  journal={Journal of Statistical Mechanics: Theory and Experiment},
  volume={2014},
  number={9},
  pages={P09026},
  year={2014},
  publisher={IOP Publishing}
}

@article{dymarsky2019generalized,
  title={Generalized eigenstate thermalization hypothesis in 2D conformal field theories},
  author={Dymarsky, Anatoly and Pavlenko, Kirill},
  journal={Physical review letters},
  volume={123},
  number={11},
  pages={111602},
  year={2019},
  publisher={APS}
}

@article{pozsgay2011mean,
  title={Mean values of local operators in highly excited Bethe states},
  author={Pozsgay, Balazs},
  journal={Journal of Statistical Mechanics: Theory and Experiment},
  volume={2011},
  number={01},
  pages={P01011},
  year={2011},
  publisher={IOP Publishing}
}

@article{wouters2014quenching,
  title={Quenching the anisotropic Heisenberg chain: exact solution and generalized Gibbs ensemble predictions},
  author={Wouters, Bram and De Nardis, Jacopo and Brockmann, Michael and Fioretto, Davide and Rigol, Marcos and Caux, J-S},
  journal={Physical review letters},
  volume={113},
  number={11},
  pages={117202},
  year={2014},
  publisher={APS}
}

@article{caux2012constructing,
  title={Constructing the generalized Gibbs ensemble after a quantum quench},
  author={Caux, Jean-S{\'e}bastien and Konik, Robert M},
  journal={Physical review letters},
  volume={109},
  number={17},
  pages={175301},
  year={2012},
  publisher={APS}
}

@article{rigol2008thermalization,
  title={Thermalization and its mechanism for generic isolated quantum systems},
  author={Rigol, Marcos and Dunjko, Vanja and Olshanii, Maxim},
  journal={Nature},
  volume={452},
  number={7189},
  pages={854--858},
  year={2008},
  publisher={Nature Publishing Group}
}

@article{cao2019gge,
  title={The GGE averaged currents of the classical Toda chain},
  author={Cao, Xiangyu and Bulchandani, Vir B and Spohn, Herbert},
  journal={Journal of Physics A: Mathematical and Theoretical},
  volume={52},
  number={49},
  pages={495003},
  year={2019},
  publisher={IOP Publishing}
}

@article{spohn2020collision,
  title={Collision rate ansatz for the classical Toda lattice},
  author={Spohn, Herbert},
  journal={Physical Review E},
  volume={101},
  number={6},
  pages={060103},
  year={2020},
  publisher={APS}
}

@article{yoshimura2020collision,
	title={{Collision rate ansatz for quantum integrable systems}},
	author={Takato Yoshimura and Herbert Spohn},
	journal={SciPost Phys.},
	volume={9},
	issue={3},
	pages={40},
	year={2020},
	publisher={SciPost},
	doi={10.21468/SciPostPhys.9.3.040},
	url={https://scipost.org/10.21468/SciPostPhys.9.3.040},
}

@book{gaudin2014bethe,
  title={The Bethe Wavefunction},
  author={Gaudin, Michel},
  year={2014},
  publisher={Cambridge University Press}
}

@article{doyon2019generalized,
  title={Generalized hydrodynamics of the classical Toda system},
  author={Doyon, Benjamin},
  journal={Journal of Mathematical Physics},
  volume={60},
  number={7},
  pages={073302},
  year={2019},
  publisher={AIP Publishing LLC}
}

@article{moller2020euler,
  title={Euler-scale dynamical correlations in integrable systems with fluid motion},
  author={M{\o}ller, Frederik S and Perfetto, Gabriele and Doyon, Benjamin and Schmiedmayer, J{\"o}rg},
  journal={arXiv preprint arXiv:2007.00527},
  year={2020}
}

@article{kadanoff1963hydrodynamic,
  title={Hydrodynamic equations and correlation functions},
  author={Kadanoff, Leo P and Martin, Paul C},
  journal={Annals of Physics},
  volume={24},
  pages={419--469},
  year={1963},
  publisher={Elsevier}
}

@article{doyon2017dynamics,
  title={Dynamics of hard rods with initial domain wall state},
  author={Doyon, Benjamin and Spohn, Herbert},
  journal={Journal of Statistical Mechanics: Theory and Experiment},
  volume={2017},
  number={7},
  pages={073210},
  year={2017},
  publisher={IOP Publishing}
}

@book{tsvelik2007quantum,
  title={Quantum field theory in condensed matter physics},
  author={Tsvelik, Alexei M},
  year={2007},
  publisher={Cambridge university press}
}

@article{ruggiero2020quantum,
  title={Quantum generalized hydrodynamics},
  author={Ruggiero, Paola and Calabrese, Pasquale and Doyon, Benjamin and Dubail, J{\'e}r{\^o}me},
  journal={Physical review letters},
  volume={124},
  number={14},
  pages={140603},
  year={2020},
  publisher={APS}
}

@article{bastianello2020entanglement,
  title={Entanglement entropies of inhomogeneous Luttinger liquids},
  author={Bastianello, Alvise and Dubail, J{\'e}r{\^o}me and St{\'e}phan, Jean-Marie},
  journal={Journal of Physics A: Mathematical and Theoretical},
  volume={53},
  number={15},
  pages={155001},
  year={2020},
  publisher={IOP Publishing}
}

@article{rigol2005fermionization,
  title={Fermionization in an expanding 1D gas of hard-core bosons},
  author={Rigol, Marcos and Muramatsu, Alejandro},
  journal={Physical review letters},
  volume={94},
  number={24},
  pages={240403},
  year={2005},
  publisher={APS}
}

@article{minguzzi2005exact,
  title={Exact coherent states of a harmonically confined Tonks-Girardeau gas},
  author={Minguzzi, A and Gangardt, DM},
  journal={Physical review letters},
  volume={94},
  number={24},
  pages={240404},
  year={2005},
  publisher={APS}
}

@article{del2008fermionization,
  title={Fermionization and bosonization of expanding one-dimensional anyonic fluids},
  author={Del Campo, A},
  journal={Physical Review A},
  volume={78},
  number={4},
  pages={045602},
  year={2008},
  publisher={APS}
}

@article{buljan2008fermi,
  title={Fermi-Bose transformation for the time-dependent Lieb-Liniger gas},
  author={Buljan, Hrvoje and Pezer, Robert and Gasenzer, Thomas},
  journal={Physical review letters},
  volume={100},
  number={8},
  pages={080406},
  year={2008},
  publisher={APS}
}

@article{jukic2008free,
  title={Free expansion of a Lieb-Liniger gas: Asymptotic form of the wave functions},
  author={Juki{\'c}, Dario and Pezer, Robert and Gasenzer, Thomas and Buljan, Hrvoje},
  journal={Physical Review A},
  volume={78},
  number={5},
  pages={053602},
  year={2008},
  publisher={APS}
}

@article{mei2016unveiling,
  title={Unveiling hidden structure of many-body wave functions of integrable systems via sudden-expansion experiments},
  author={Mei, Zhongtao and Vidmar, L and Heidrich-Meisner, F and Bolech, CJ},
  journal={Physical Review A},
  volume={93},
  number={2},
  pages={021607},
  year={2016},
  publisher={APS}
}

@article{fagotti2020locally,
  title={Locally quasi-stationary states in noninteracting spin chains},
  author={Fagotti, Maurizio},
  journal={SciPost Phys},
  volume={8},
  pages={048},
  year={2020}
}

@inproceedings{moyal1949quantum,
  title={Quantum mechanics as a statistical theory},
  author={Moyal, Jos{\'e} E},
  booktitle={Mathematical Proceedings of the Cambridge Philosophical Society},
  volume={45},
  number={1},
  pages={99--124},
  year={1949},
  organization={Cambridge University Press}
}

@article{bettelheim2012quantum,
  title={Quantum ripples over a semiclassical shock},
  author={Bettelheim, Eldad and Glazman, Leonid},
  journal={Physical review letters},
  volume={109},
  number={26},
  pages={260602},
  year={2012},
  publisher={APS}
}

@article{bettelheim2006orthogonality,
  title={Orthogonality catastrophe and shock waves in a nonequilibrium Fermi gas},
  author={Bettelheim, E and Abanov, AG and Wiegmann, P},
  journal={Physical review letters},
  volume={97},
  number={24},
  pages={246402},
  year={2006},
  publisher={APS}
}

@article{bettelheim2011universal,
  title={Universal Fermi distribution of semiclassical nonequilibrium Fermi states},
  author={Bettelheim, Eldad and Wiegmann, Paul B},
  journal={Physical Review B},
  volume={84},
  number={8},
  pages={085102},
  year={2011},
  publisher={APS}
}

@article{protopopov2013dynamics,
  title={Dynamics of waves in one-dimensional electron systems: Density oscillations driven by population inversion},
  author={Protopopov, IV and Gutman, DB and Schmitteckert, P and Mirlin, AD},
  journal={Physical Review B},
  volume={87},
  number={4},
  pages={045112},
  year={2013},
  publisher={APS}
}

@article{collura2020domain,
  title={Domain wall melting in the spin-1 2 XXZ spin chain: Emergent Luttinger liquid with a fractal quasiparticle charge},
  author={Collura, Mario and De Luca, Andrea and Calabrese, Pasquale and Dubail, J{\'e}r{\^o}me},
  journal={Physical Review B},
  volume={102},
  number={18},
  pages={180409},
  year={2020},
  publisher={APS}
}

@article{collura2013equilibration,
  title={Equilibration of a Tonks-Girardeau gas following a trap release},
  author={Collura, Mario and Sotiriadis, Spyros and Calabrese, Pasquale},
  journal={Physical review letters},
  volume={110},
  number={24},
  pages={245301},
  year={2013},
  publisher={APS}
}

@article{minguzzi2002high,
  title={High-momentum tail in the Tonks gas under harmonic confinement},
  author={Minguzzi, A and Vignolo, P and Tosi, MP},
  journal={Physics Letters A},
  volume={294},
  number={3-4},
  pages={222--226},
  year={2002},
  publisher={Elsevier}
}

@article{lenard1964momentum,
  title={Momentum Distribution in the Ground State of the One-Dimensional System of Impenetrable Bosons},
  author={Lenard, Andrew},
  journal={Journal of Mathematical Physics},
  volume={5},
  number={7},
  pages={930--943},
  year={1964},
  publisher={American Institute of Physics}
}

@article{vaidya1979one,
  title={One particle reduced density matrix of impenetrable bosons in one dimension at zero temperature},
  author={Vaidya, Hemant G and Tracy, CA},
  journal={Journal of Mathematical Physics},
  volume={20},
  number={11},
  pages={2291--2312},
  year={1979},
  publisher={American Institute of Physics}
}

@article{rigol2004universal,
  title={Universal properties of hard-core bosons confined on one-dimensional lattices},
  author={Rigol, Marcos and Muramatsu, Alejandro},
  journal={Physical Review A},
  volume={70},
  number={3},
  pages={031603},
  year={2004},
  publisher={APS}
}

@article{olshanii2003short,
  title={Short-distance correlation properties of the Lieb-Liniger system and momentum distributions of trapped one-dimensional atomic gases},
  author={Olshanii, Maxim and Dunjko, Vanja},
  journal={Physical review letters},
  volume={91},
  number={9},
  pages={090401},
  year={2003},
  publisher={APS}
}

@article{collura2013quench,
  title={Quench dynamics of a Tonks--Girardeau gas released from a harmonic trap},
  author={Collura, Mario and Sotiriadis, Spyros and Calabrese, Pasquale},
  journal={Journal of Statistical Mechanics: Theory and Experiment},
  volume={2013},
  number={09},
  pages={P09025},
  year={2013},
  publisher={IOP Publishing}
}

@article{petrov2000regimes,
  title={Regimes of quantum degeneracy in trapped 1D gases},
  author={Petrov, DS and Shlyapnikov, GV and Walraven, JTM},
  journal={Physical Review Letters},
  volume={85},
  number={18},
  pages={3745},
  year={2000},
  publisher={APS}
}

@article{kormos2009expectation,
  title={Expectation values in the Lieb-Liniger Bose gas},
  author={Kormos, M and Mussardo, G and Trombettoni, A},
  journal={Physical review letters},
  volume={103},
  number={21},
  pages={210404},
  year={2009},
  publisher={APS}
}

@article{hutsalyuk2020integrability,
  title={Integrability breaking in the one dimensional Bose gas: Atomic losses and energy loss},
  author={Hutsalyuk, Arthur and Pozsgay, Bal{\'a}zs},
  journal={arXiv preprint arXiv:2012.15640},
  year={2020}
}

@article{dean2018wigner,
  title={Wigner function of noninteracting trapped fermions},
  author={Dean, David S and Le Doussal, Pierre and Majumdar, Satya N and Schehr, Gregory},
  journal={Physical Review A},
  volume={97},
  number={6},
  pages={063614},
  year={2018},
  publisher={APS}
}

@article{dean2019nonequilibrium,
  title={Nonequilibrium dynamics of noninteracting fermions in a trap},
  author={Dean, David S and Le Doussal, Pierre and Majumdar, Satya N and Schehr, Gr{\'e}gory},
  journal={EPL (Europhysics Letters)},
  volume={126},
  number={2},
  pages={20006},
  year={2019},
  publisher={IOP Publishing}
}

@article{ilievski2016quasilocal,
  title={Quasilocal charges in integrable lattice systems},
  author={Ilievski, Enej and Medenjak, Marko and Prosen, Toma{\v{z}} and Zadnik, Lenart},
  journal={Journal of Statistical Mechanics: Theory and Experiment},
  volume={2016},
  number={6},
  pages={064008},
  year={2016},
  publisher={IOP Publishing}
}

@article{doyon2017thermalization,
  title={Thermalization and pseudolocality in extended quantum systems},
  author={Doyon, Benjamin},
  journal={Communications in Mathematical Physics},
  volume={351},
  number={1},
  pages={155--200},
  year={2017},
  publisher={Springer}
}

@article{bettelheim2020whitham,
  title={The Whitham approach to the $c\rightarrow 0$ limit of the Lieb-Liniger model and generalized hydrodynamics},
  author={Bettelheim, Eldad},
  journal={Journal of Physics A: Mathematical and Theoretical},
  volume={53},
  number={20},
  pages={205204},
  year={2020},
  publisher={IOP Publishing}
}

@article{palmai2018quasilocal,
  title={Quasilocal charges and the generalized Gibbs ensemble in the Lieb-Liniger model},
  author={Palmai, Tamas and Konik, Robert M},
  journal={Physical Review E},
  volume={98},
  number={5},
  pages={052126},
  year={2018},
  publisher={APS}
}

@article{de2014solution,
  title={Solution for an interaction quench in the Lieb-Liniger Bose gas},
  author={De Nardis, Jacopo and Wouters, Bram and Brockmann, Michael and Caux, Jean-S{\'e}bastien},
  journal={Physical Review A},
  volume={89},
  number={3},
  pages={033601},
  year={2014},
  publisher={APS}
}

@article{tan2008energetics,
  title={Energetics of a strongly correlated Fermi gas},
  author={Tan, Shina},
  journal={Annals of Physics},
  volume={323},
  number={12},
  pages={2952--2970},
  year={2008},
  publisher={Elsevier}
}

@article{tan2008generalized,
  title={Generalized virial theorem and pressure relation for a strongly correlated Fermi gas},
  author={Tan, Shina},
  journal={Annals of Physics},
  volume={323},
  number={12},
  pages={2987--2990},
  year={2008},
  publisher={Elsevier}
}

@article{tan2008large,
  title={Large momentum part of a strongly correlated Fermi gas},
  author={Tan, Shina},
  journal={Annals of Physics},
  volume={323},
  number={12},
  pages={2971--2986},
  year={2008},
  publisher={Elsevier}
}

@article{barth2011tan,
  title={Tan relations in one dimension},
  author={Barth, Marcus and Zwerger, Wilhelm},
  journal={Annals of Physics},
  volume={326},
  number={10},
  pages={2544--2565},
  year={2011},
  publisher={Elsevier}
}

@article{werner2012generalI,
  title={General relations for quantum gases in two and three dimensions: Two-component fermions},
  author={Werner, F{\'e}lix and Castin, Yvan},
  journal={Physical Review A},
  volume={86},
  number={1},
  pages={013626},
  year={2012},
  publisher={APS}
}

@article{werner2012generalII,
  title={General relations for quantum gases in two and three dimensions. II. Bosons and mixtures},
  author={Werner, F{\'e}lix and Castin, Yvan},
  journal={Physical Review A},
  volume={86},
  number={5},
  pages={053633},
  year={2012},
  publisher={APS}
}

@article{braaten2008exact,
  title={Exact relations for a strongly interacting Fermi gas from the operator product expansion},
  author={Braaten, Eric and Platter, Lucas},
  journal={Physical review letters},
  volume={100},
  number={20},
  pages={205301},
  year={2008},
  publisher={APS}
}

@article{yao2018tan,
  title={Tan’s contact for trapped Lieb-Liniger bosons at finite temperature},
  author={Yao, Hepeng and Cl{\'e}ment, David and Minguzzi, Anna and Vignolo, Patrizia and Sanchez-Palencia, Laurent},
  journal={Physical review letters},
  volume={121},
  number={22},
  pages={220402},
  year={2018},
  publisher={APS}
}

@article{fagotti2017higher,
  title={Higher-order generalized hydrodynamics in one dimension: The noninteracting test},
  author={Fagotti, Maurizio},
  journal={Physical Review B},
  volume={96},
  number={22},
  pages={220302},
  year={2017},
  publisher={APS}
}

@article{kuhnle2010universal,
  title={Universal behavior of pair correlations in a strongly interacting Fermi gas},
  author={Kuhnle, ED and Hu, H and Liu, X-J and Dyke, P and Mark, M and Drummond, PD and Hannaford, P and Vale, CJ},
  journal={Physical Review Letters},
  volume={105},
  number={7},
  pages={070402},
  year={2010},
  publisher={APS}
}

@article{stewart2010verification,
  title={Verification of universal relations in a strongly interacting Fermi gas},
  author={Stewart, JT and Gaebler, JP and Drake, TE and Jin, DS},
  journal={Physical Review Letters},
  volume={104},
  number={23},
  pages={235301},
  year={2010},
  publisher={APS}
}

@article{wild2012measurements,
  title={Measurements of Tan’s contact in an atomic Bose-Einstein condensate},
  author={Wild, RJ and Makotyn, P and Pino, JM and Cornell, EA and Jin, DS},
  journal={Physical review letters},
  volume={108},
  number={14},
  pages={145305},
  year={2012},
  publisher={APS}
}

@article{rossini2020strong,
  title={Strong correlations in lossy one-dimensional quantum gases: from the quantum Zeno effect to the generalized Gibbs ensemble},
  author={Rossini, Davide and Ghermaoui, Alexis and Aguilera, Manel Bosch and Vatr{\'e}, R{\'e}my and Bouganne, Rapha{\"e}l and Beugnon, J{\'e}r{\^o}me and Gerbier, Fabrice and Mazza, Leonardo},
  journal={arXiv preprint arXiv:2011.04318},
  year={2020}
}

@article{garcia2009dissipation,
  title={Dissipation-induced hard-core boson gas in an optical lattice},
  author={Garc{\'\i}a-Ripoll, Juan Jos{\'e} and D{\"u}rr, Stephan and Syassen, Niels and Bauer, Dominik M and Lettner, Matthias and Rempe, Gerhard and Cirac, J Ignacio},
  journal={New Journal of Physics},
  volume={11},
  number={1},
  pages={013053},
  year={2009},
  publisher={IOP Publishing}
}

@article{lange2017pumping,
  title={Pumping approximately integrable systems},
  author={Lange, Florian and Lenar{\v{c}}i{\v{c}}, Zala and Rosch, Achim},
  journal={Nature communications},
  volume={8},
  number={1},
  pages={1--8},
  year={2017},
  publisher={Nature Publishing Group}
}

@article{lenarvcivc2018perturbative,
  title={Perturbative approach to weakly driven many-particle systems in the presence of approximate conservation laws},
  author={Lenar{\v{c}}i{\v{c}}, Zala and Lange, Florian and Rosch, Achim},
  journal={Physical Review B},
  volume={97},
  number={2},
  pages={024302},
  year={2018},
  publisher={APS}
}

@article{lange2018time,
  title={Time-dependent generalized Gibbs ensembles in open quantum systems},
  author={Lange, Florian and Lenar{\v{c}}i{\v{c}}, Zala and Rosch, Achim},
  journal={Physical Review B},
  volume={97},
  number={16},
  pages={165138},
  year={2018},
  publisher={APS}
}

@article{bastianello2020generalized,
  title={Generalized hydrodynamics with dephasing noise},
  author={Bastianello, Alvise and De Nardis, Jacopo and De Luca, Andrea},
  journal={Physical Review B},
  volume={102},
  number={16},
  pages={161110},
  year={2020},
  publisher={APS}
}

@article{friedman2020diffusive,
  title={Diffusive hydrodynamics from integrability breaking},
  author={Friedman, Aaron J and Gopalakrishnan, Sarang and Vasseur, Romain},
  journal={Physical Review B},
  volume={101},
  number={18},
  pages={180302},
  year={2020},
  publisher={APS}
}

@article{vznidarivc2020weak,
  title={Weak integrability breaking: chaos with integrability signature in coherent diffusion},
  author={{\v{Z}}nidari{\v{c}}, Marko},
  journal={Physical Review Letters},
  volume={125},
  number={18},
  pages={180605},
  year={2020},
  publisher={APS}
}

@article{caux2016quench,
  title={The quench action},
  author={Caux, Jean-S{\'e}bastien},
  journal={Journal of Statistical Mechanics: Theory and Experiment},
  volume={2016},
  number={6},
  pages={064006},
  year={2016},
  publisher={IOP Publishing}
}

@article{polkovnikov2011colloquium,
  title={Colloquium: Nonequilibrium dynamics of closed interacting quantum systems},
  author={Polkovnikov, Anatoli and Sengupta, Krishnendu and Silva, Alessandro and Vengalattore, Mukund},
  journal={Reviews of Modern Physics},
  volume={83},
  number={3},
  pages={863},
  year={2011},
  publisher={APS}
}

@article{scopa2017one,
  title={One-dimensional Bose gas driven by a slow time-dependent harmonic trap},
  author={Scopa, Stefano and Karevski, Dragi},
  journal={Journal of Physics A: Mathematical and Theoretical},
  volume={50},
  number={42},
  pages={425301},
  year={2017},
  publisher={IOP Publishing}
}

@article{scopa2018exact,
  title={Exact dynamics of a one dimensional Bose gas in a periodic time-dependent harmonic trap},
  author={Scopa, Stefano and Unterberger, J{\'e}remie and Karevski, Dragi},
  journal={Journal of Physics A: Mathematical and Theoretical},
  volume={51},
  number={18},
  pages={185001},
  year={2018},
  publisher={IOP Publishing}
}

@article{bastianello2018sinh,
  title={From the sinh-Gordon field theory to the one-dimensional Bose gas: exact local correlations and full counting statistics},
  author={Bastianello, Alvise and Piroli, Lorenzo},
  journal={Journal of Statistical Mechanics: Theory and Experiment},
  volume={2018},
  number={11},
  pages={113104},
  year={2018},
  publisher={IOP Publishing}
}

@book{riemann1860fortpflanzung,
  title={{\"U}ber die Fortpflanzung ebener Luftwellen von endlicher Schwingungsweite},
  author={Riemann, Bernhard},
  year={1860},
  publisher={Dieterich}
}

@article{klauser2011equilibrium,
  title={Equilibrium thermodynamic properties of interacting two-component bosons in one dimension},
  author={Klauser, Antoine and Caux, Jean-S{\'e}bastien},
  journal={Physical Review A},
  volume={84},
  number={3},
  pages={033604},
  year={2011},
  publisher={APS}
}

@article{caux2009polarization,
  title={Polarization suppression and nonmonotonic local two-body correlations in the two-component Bose gas in one dimension},
  author={Caux, Jean-S{\'e}bastien and Klauser, Antoine and van den Brink, Jeroen},
  journal={Physical Review A},
  volume={80},
  number={6},
  pages={061605},
  year={2009},
  publisher={APS}
}

@article{klumper2011efficient,
  title={Efficient thermodynamic description of multicomponent one-dimensional Bose gases},
  author={Kl{\"u}mper, Andreas and P{\^a}{\c{t}}u, Ovidiu I},
  journal={Physical Review A},
  volume={84},
  number={5},
  pages={051604},
  year={2011},
  publisher={APS}
}

@article{pactu2015thermodynamics,
  title={Thermodynamics, density profiles, and correlation functions of the inhomogeneous one-dimensional spinor Bose gas},
  author={P{\^a}{\c{t}}u, Ovidiu I and Kl{\"u}mper, Andreas},
  journal={Physical Review A},
  volume={92},
  number={4},
  pages={043631},
  year={2015},
  publisher={APS}
}

@article{robinson2016exact,
  title={Exact nonequilibrium dynamics of a class of initial states in one-dimensional two-component integrable quantum gases},
  author={Robinson, NJ and Caux, J-S and Konik, RM},
  year={2016},
  publisher={arXiv. org}
}

@article{robinson2017excitations,
  title={Excitations in the Yang--Gaudin Bose gas},
  author={Robinson, Neil J and Konik, Robert M},
  journal={Journal of Statistical Mechanics: Theory and Experiment},
  volume={2017},
  number={6},
  pages={063101},
  year={2017},
  publisher={IOP Publishing}
}
