@article{YangYang1969,
    author = "Yang, Chen-Ning and Yang, C. P.",
    title = "{Thermodynamics of one-dimensional system of bosons with repulsive delta function interaction}",
    doi = "10.1063/1.1664947",
    journal = "J. Math. Phys.",
    volume = "10",
    pages = "1115--1122",
    year = "1969"
}

@article{Palmai2018,
  title={Quasi-local charges and the generalized Gibbs ensemble in the Lieb–Liniger model},
  author={Pálmai, T. and Konik, R. M.},
  journal={Phys. Rev. E},
  volume={98},
  number={5},
  pages={052126},
  year={2018},
  doi={10.1103/PhysRevE.98.052126}
}

@article{DeNardis2017,
  title={{Probing non-thermal density fluctuations in the one-dimensional Bose gas}},
	author={Jacopo De Nardis and Miłosz Panfil and Andrea Gambassi and Leticia F. Cugliandolo and Robert Konik and Laura Foini},
	journal={SciPost Phys.},
	volume={3},
	pages={023},
	year={2017},
	publisher={SciPost},
	doi={10.21468/SciPostPhys.3.3.023},
	url={https://scipost.org/10.21468/SciPostPhys.3.3.023},
}

@article{Goldstein2013,
  title={Equilibration and generalized GGE in the Lieb-Liniger gas},
  author={Goldstein, G. and Andrei, N.},
  journal={arXiv preprint},
  year={2013},
  eprint={1309.3471}
}

@article{CauxKonik2012,
  title={Constructing the generalized Gibbs ensemble after a quantum quench},
  author={Caux, Jean-Sébastien and Konik, Robert},
  journal={Phys. Rev. Lett.},
  volume={109},
  pages={175301},
  year={2012},
  doi={10.1103/PhysRevLett.109.175301}
}

@article{Essler2015,
  title={Generalized Gibbs ensembles for quantum field theories},
  author={Essler, Fabian H. L. and Mussardo, Giuseppe and Panfil, Miłosz},
  journal={J. Stat. Mech.},
  volume={2015},
  number={9},
  pages={P09002},
  year={2015},
  doi={10.1088/1742-5468/2015/09/P09002}
}

@Article{10.21468/SciPostPhys.3.3.023,
	title={{Probing non-thermal density fluctuations in the one-dimensional Bose gas}},
	author={Jacopo De Nardis and Miłosz Panfil and Andrea Gambassi and Leticia F. Cugliandolo and Robert Konik and Laura Foini},
	journal={SciPost Phys.},
	volume={3},
	pages={023},
	year={2017},
	publisher={SciPost},
	doi={10.21468/SciPostPhys.3.3.023},
	url={https://scipost.org/10.21468/SciPostPhys.3.3.023},
}


@article{castro2016emergent,
  title={Emergent hydrodynamics in integrable quantum systems out of equilibrium},
  author={Castro-Alvaredo, Olalla A and Doyon, Benjamin and Yoshimura, Takato},
  journal={Physical Review X},
  volume={6},
  number={4},
  pages={041065},
  year={2016},
  publisher={APS}
}

@article{bertini2016transport,
  title={Transport in out-of-equilibrium XXZ chains: Exact profiles of charges and currents},
  author={Bertini, Bruno and Collura, Mario and De Nardis, Jacopo and Fagotti, Maurizio},
  journal={Physical Review Letters},
  volume={117},
  number={20},
  pages={207201},
  year={2016},
  publisher={APS}
}

@article{doyon2017ghd,
  title={Generalized hydrodynamics of the classical Toda system},
  author={Doyon, Benjamin and Spohn, Herbert},
  journal={Journal of Statistical Mechanics: Theory and Experiment},
  volume={2017},
  number={7},
  pages={073210},
  year={2017},
  publisher={IOP Publishing}
}

@misc{doyon2017lecture,
  author = {Doyon, Benjamin},
  title = {Lecture notes on Generalized Hydrodynamics},
  year = {2017},
  note = {\url{https://www.damtp.cam.ac.uk/user/db275/GHDlectures.pdf}}
}

