@Article{1931_Bethe_ZP_71,
  author =       {H. A. Bethe},
  title = 	 {Zur {T}heorie der {M}etalle.  I.  {E}igenwerte und {E}igenfunktionen der linearen {A}tomkette},
  journal = 	 {Zeit. f\"ur Physik},
  year = 	 {1931},
  volume = 	 {71},
  pages = 	 {205},
  doi = {10.1007/BF01341708}
}
